3169 4941
1337 434 1563 491 Gnnaeis
1600 436 1687 491 28.
2522 438 2625 493 109

342 617 367 661 1
409 597 563 665 4καὶ
623 594 756 685 δῴη
808 618 918 664 σοι
970 595 1086 684 τὴν
1145 587 1440 683 εὖλογίαν
1483 588 1790 685 Ἀβραὰμ
1832 601 1949 665 τοῦ
1988 593 2243 684 πατρός
2284 621 2438 681 μου,
2516 596 2625 664 σοὶ

401 701 514 769 καὶ
565 706 662 790 τῷ
715 698 1050 788 σπέρματί
1104 720 1223 767 σου
1276 700 1438 785 μετὰ
1482 700 1592 784 σέ,
1659 704 2135 790 κληρονομῆσαι
2186 700 2301 791 τὴν
2356 706 2470 790 γῆν
2510 706 2627 789 τῆς

403 801 856 895 παροικήσεώς
898 812 1048 887 aov’,
1096 796 1171 893 ἢν
1218 800 1454 871 ἔδωκεν
1497 802 1533 872 ὁ
1579 802 1739 884 θεὸς
1776 809 1875 893 τῷ
1898 796 2213 893 Ἀβραάμ.
2278 809 2305 846 ⁵
2319 805 2434 873 καὶ
2461 797 2625 871 εἰπέ-

405 912 646 977 στειλεν
695 901 912 975 Ἰσαὰκ
955 906 1070 975 τὸν
1126 900 1361 993 Ἰακώβ
1378 925 1391 937 ·
1457 908 1570 976 καὶ
1618 904 1952 998 ἐπορεύθη
2006 906 2102 988 εἰς
2142 908 2257 997 τὴν
2299 913 2625 977 Incomm-

343 1032 374 1079 5
405 1010 642 1098 ταμίαν
683 1009 853 1100 πρὸς
893 1010 1138 1097 Λάβαν
1196 1010 1308 1079 τὸν
1351 1008 1486 1079 υἱὸν
1528 1013 1844 1103 Βαθουὴλ
1882 1018 1999 1080 τοῦ
2039 1012 2242 1101 Σύρου
2255 1065 2272 1096 ,
2344 1004 2627 1102 ἀδελφὸν

396 1112 735 1202 Ῥεβέκκας
769 1120 884 1205 τῆς
923 1114 1164 1204 μητρὸς
1215 1106 1454 1201 Ἰακὼβ
1496 1116 1611 1184 καὶ
1653 1109 1878 1184 Ἠσαῦ.
1943 1121 1969 1159 ⁶
1985 1110 2119 1185 εἶδε
2162 1116 2235 1183 δὲ
2273 1108 2475 1185 Ἠσαῦ
2520 1113 2626 1185 ὅτι

406 1213 740 1309 εὖλόγησεν
780 1212 1007 1287 Ἰσαὰκ
1058 1218 1175 1286 τὸν
1226 1211 1468 1305 Ἰακὼβ
1508 1220 1623 1288 καὶ
1667 1211 2051 1287 α’πέστειλεν
2106 1218 2202 1300 εἷς
2240 1220 2353 1311 τὴν
2399 1225 2626 1287 Inmo-

407 1322 740 1409 ποταμίαν
778 1320 1016 1410 Συρίας
1060 1325 1284 1409 λαβεῖν
1328 1319 1534 1411 ἐαυτῷ
1571 1328 1843 1411 γυναῖκα
1884 1321 2141 1391 ἐκεῖθεν
2198 1323 2268 1391 έν
2310 1329 2405 1413 τῷ
2445 1316 2629 1392 εὗλο-

336 1495 343 1501 .
408 1432 542 1515 γεῖν
582 1420 802 1512 αὐτόν,
861 1424 974 1496 καὶ
1009 1425 1375 1495 ἐνετείλατο
1419 1420 1593 1516 αὐτῷ
1636 1427 1835 1515 λέγω
1883 1420 1976 1496 Οὖ
2021 1423 2199 1518 λήψῃ
2242 1433 2510 1514 γυναῖκα
2553 1428 2629 1496 ἐκ

317 1548 379 1593 10
408 1538 540 1599 τῶν
592 1530 964 1620 θυγατέρων
1012 1536 1146 1598 τῶν
1201 1528 1606 1598 Χαναναίων.
1707 1536 1731 1573 ⁷
1747 1531 1859 1599 καὶ
1916 1527 2185 1623 ἤκουσεν
2219 1525 2461 1618 Ἰακώβ
2516 1539 2632 1601 τοῦ

410 1636 664 1726 πατρὸς
705 1637 819 1705 καὶ
861 1642 976 1726 τῆς
1020 1635 1259 1725 μητρὸς
1301 1627 1526 1720 αὐτοῦ,
1586 1635 1701 1703 καὶ
1745 1635 2075 1724 ἐπορεύθη
2117 1633 2213 1715 εἰς
2251 1636 2366 1726 τὴν
2410 1641 2630 1703 Metro-

411 1739 746 1827 ποταμίαν
774 1738 1024 1830 Συρίας.
1122 1737 1315 1808 ὃῖδών
1361 1739 1434 1807 δὲ
1473 1739 1588 1807 καὶ
1625 1732 1832 1807 Ἡσαῦ
1876 1736 1981 1810 ὅτι
2024 1737 2303 1830 πονηραί
2344 1738 2511 1808 εἰσιν
2557 1737 2630 1808 αἱ

411 1844 764 1935 θυγατέρες
837 1844 1104 1913 Χαναὰν
1185 1841 1479 1912 ἐναντίον
1562 1836 1793 1912 Ἰσαὰκ
1880 1850 1997 1913 τοῦ
2082 1844 2336 1934 πατρὸς
2416 1837 2629 1928 αὐτοῦ,

419 1954 447 1993 ⁹
465 1944 798 2038 ἐπορεύθη
837 1940 1046 2017 Ἠσαῦ
1088 1948 1260 2036 πρὸς
1310 1940 1574 2038 Ἰσμαήλ
1587 2002 1604 2033 ,
1649 1949 1763 2017 καὶ
1804 1946 1999 2034 ἔλαβε
2040 1949 2153 2039 τὴν
2178 1947 2463 2017 Maesta
2503 1954 2631 2016 θυ-

317 2068 379 2114 16
411 2052 653 2142 γατέρα
690 2045 962 2143 Ἰσμαὴλ
1000 2057 1116 2120 τοῦ
1154 2048 1295 2120 υἱοῦ
1337 2044 1659 2141 Ἀβραάμ,
1732 2045 2016 2143 ἀδελφὴν
2060 2047 2385 2139 Ναβεώθ,
2460 2052 2633 2140 πρὸς

411 2161 558 2237 ταῖς
592 2156 873 2243 γυναιξὶν
917 2148 1114 2224 αὐτοῦ
1151 2161 1438 2243 γυναῖκα.
1516 2161 1576 2199 ¹⁰
1589 2156 1703 2225 καὶ
1745 2155 2019 2247 ἐξῆλθεν
2063 2149 2306 2242 Ἰακώβ
2350 2148 2490 2224 ἀπὸ
2517 2162 2635 2223 τοῦ

413 2259 694 2351 φρέατος
732 2267 848 2329 τοῦ
907 2259 1101 2349 ὅρκου
1151 2261 1265 2329 καὶ
1307 2260 1641 2350 ἐπορεύθη
1684 2257 1779 2339 εἶς
1819 2260 2104 2349 Χαρράν.
2201 2267 2260 2303 ¹1
2278 2260 2390 2327 καὶ
2433 2253 2631 2349 ἀπήν-

410 2389 565 2454 τησε
605 2361 797 2454 τόπῳ
839 2366 952 2433 καὶ
994 2346 1316 2455 ἐκοιμήθη
1358 2364 1489 2433 ἐκεῖ
1503 2387 1518 2402 ·
1580 2361 1693 2432 ἔδυ
1736 2363 1856 2453 γὰρ
1899 2361 1936 2432 ὃ
1978 2362 2158 2453 ἣλιος
2173 2388 2189 2402 ·
2248 2364 2361 2431 καὶ
2400 2360 2632 2449 ἐλαβεν
2702 2446 2711 2455 .

413 2463 548 2540 ἀπὸ
605 2479 732 2536 τῶν
789 2466 999 2537 λίθων
1039 2477 1154 2537 τοῦ
1194 2465 1405 2538 τόπου
1448 2468 1563 2536 καὶ
1622 2464 1826 2558 ἔθηκε
1879 2467 2050 2557 πρὸς
2089 2470 2375 2558 κεφαλῆς
2419 2460 2630 2553 αὐτοῦ,

313 2600 380 2646 20
413 2575 526 2644 καὶ
563 2569 885 2664 ἐκοιμήθη
929 2572 996 2641 ἐν
1037 2578 1132 2662 τῷ
1173 2568 1363 2662 τόπῳ
1410 2569 1657 2661 ἐκείνῳ.
1754 2576 1814 2616 ¹²
1839 2571 1954 2640 καὶ
2014 2567 2447 2662 ἔνυπνιάσθη·
2522 2567 2636 2640 κἀὶ

556 2813 586 2866 1
624 2811 794 2865 δωσει
830 2827 860 2865 c
913 2811 922 2881 Ι
978 2812 1006 2865 l
1045 2829 1144 2878 την
1181 2821 1249 2871 >
1285 2827 1316 2866 0
1368 2811 1376 2880 Ι
1431 2811 1462 2864 1
1498 2831 1598 2864 του
1634 2829 1843 2886 πατρος
1876 2818 2102 2885 αβρααμ
2131 2829 2184 2875 z,
2240 2811 2435 2865 omisso
2471 2830 2583 2883 μου
2622 2810 2633 2881 Ι

419 2900 446 2953 1
480 2919 593 2971 μου
625 2896 855 2961 Ειὼοιῐι,
896 2913 998 2951 σου
1032 2895 1081 2950 Α
1122 2897 1208 2966 [de
1246 2914 1350 2968 quo
1384 2898 1552 2966 uulgo
1590 2898 1794 2968 taeent]
1851 2900 1862 2964 Ι
1915 2898 1951 2951 3
1989 2897 2239 2952 δεδωκεν
2272 2896 2322 2951 A
2376 2898 2385 2965 Ι
2439 2898 2474 2950 3
2511 2899 2639 2966 post

419 2986 622 3040 εδωκεν
661 2986 728 3053 -Ι-
764 3003 958 3059 κυριος
988 2984 1034 3037 Ε
1089 2987 1099 3051 Ι
1152 2985 1188 3039 4
1225 2987 1352 3040 ante
1404 2990 1685 3057 επορευθη
1721 2986 1786 3053 -Ι-
1824 3000 2070 3045 αναστας
2105 2990 2283 3052 ιακωβ
2316 3001 2347 3041 z
2400 2986 2411 3050 Ι
2463 2984 2500 3037 4
2538 3003 2638 3050 την

419 3081 486 3131 >
517 3073 600 3126 mt
628 3071 636 3141 Ι
668 3073 701 3126 5
738 3072 866 3126 ante
900 3089 1038 3142 προς
1073 3073 1138 3139 -Ι-
1179 3085 1370 3145 συριας
1403 3071 1478 3126 ΕΖ
1517 3071 1527 3140 Ι
1569 3071 1659 3139 5s8
1694 3087 1831 3142 quae
1867 3071 2008 3128 inter
2044 3091 2185 3145 προς
2219 3070 2254 3126 5
2292 3073 2350 3125 et
2380 3086 2573 3144 συριας
2604 3070 2639 3124 8

421 3157 621 3223 media,
658 3168 727 3217 >
748 3175 776 3210 z
807 3158 816 3227 Ι
847 3158 882 3213 5
914 3175 1013 3210 τον
1034 3167 1103 3218 >
1129 3173 1160 3212 0
1187 3157 1197 3226 Ι
1226 3157 1263 3212 5
1297 3157 1543 3229 αδελφου
1567 3174 1624 3212 m
1654 3160 1663 3226 Ι
1694 3159 1729 3214 5
1750 3159 1879 3227 post·
1902 3158 2155 3232 αδελφον
2178 3159 2245 3226 -Ι-
2274 3159 2335 3212 δε
2358 3156 2456 3212 AD
2478 3158 2595 3225 [GR]
2625 3155 2636 3226 Ι

422 3245 456 3297 6
490 3245 576 3298 ιδε
604 3243 774 3298 editio
808 3259 1055 3309 romana,
1096 3244 1218 3298 ιδεν
1250 3242 1424 3309 ADE,
1463 3244 1608 3297 ιδων
1642 3259 1704 3309 a,
1740 3245 1891 3299 ειδεν
1924 3246 2019 3309 13¹,
2061 3245 2179 3298 ειδε
2202 3260 2239 3314 y
2269 3245 2277 3313 Ι
2325 3246 2357 3300 7
2396 3248 2638 3313 ηυλογη-

422 3344 518 3383 σεν
552 3331 602 3385 D
626 3330 742 3400 [en]
760 3331 896 3384 Em*
926 3331 934 3399 Ι
966 3330 998 3384 7
1036 3332 1357 3384 απεστειλεν
1391 3329 1458 3394 b,
1495 3348 1756 3401 απωχετο
1792 3329 1891 3385 AD
1919 3330 2031 3401 [GR]
2062 3332 2237 3400 amty,
2272 3347 2515 3399 αποχετο
2539 3328 2586 3381 Ε
2625 3326 2635 3398 Ι

423 3415 508 3486 7l8
541 3433 680 3487 quae
713 3417 858 3472 inter
895 3434 973 3475 εις
1014 3418 1046 3470 7
1082 3419 1138 3471 et
1172 3435 1409 3487 γυναικα
1448 3417 1483 3471 8
1520 3416 1725 3483 media,
1780 3426 1849 3477 >
1881 3419 1965 3473 mt
2026 3418 2037 3486 Ι
2102 3416 2139 3471 8
2172 3419 2300 3471 ante
2338 3430 2535 3490 συριας
2572 3416 2639 3483 -Ι-

421 3522 514 3570 της
548 3520 578 3558 ο
606 3507 616 3573 Ι
655 3504 690 3558 8
726 3522 900 3557 εαυτω
932 3502 1185 3569 AEabez,
1225 3523 1372 3557 αυτω
1406 3504 1457 3557 D
1482 3503 1599 3573 [GR]
1644 3507 1653 3569 Ι
1695 3506 1731 3559 8
1768 3510 1986 3558 εκειθεν
2025 3513 2094 3564 >
2125 3502 2201 3568 Α,
2239 3504 2367 3556 ante
2401 3518 2640 3570 γυναικα

421 3590 635 3658 ponitz
681 3594 691 3658 Ι
739 3592 937 3647 Sante
973 3593 1134 3659 εν-Ι-
1173 3609 1268 3664 καί
1305 3607 1334 3642 z
1394 3590 1402 3658 Ι
1456 3589 1716 3650 9και>
1753 3607 1782 3642 z
1834 3592 1844 3655 Ι
1897 3589 2159 3660 9λημψη
2195 3587 2320 3653 ΑΕ,
2360 3590 2589 3656 ληψειτ
2629 3586 2637 3654 Ι

424 3676 459 3729 9
486 3694 546 3730 εκ
570 3675 661 3740 bc,
699 3695 812 3731 απο
835 3674 934 3730 AD
956 3676 1072 3747 [GR]
1098 3665 1322 3745 Eamtyz
1353 3676 1362 3743 Ι
1396 3676 1463 3730 10
1489 3693 1599 3729 των
1618 3675 1942 3746 χαναναιων
1964 3674 2059 3740 bo,
2088 3692 2313 3746 χανααν
2334 3672 2609 3743 AEamtyz
2632 3675 2639 3741 Ι

428 3759 490 3816 11
529 3764 655 3830 post
696 3781 905 3838 πατρος
941 3765 1005 3831 -Ι-
1057 3781 1223 3816 αυτου
1259 3763 1310 3816 D
1345 3761 1455 3832 [GR]
1483 3760 1528 3813 Ε
1592 3761 1603 3829 Ι
1668 3761 1734 3814 11
1782 3778 1975 3816 εαυτου
2011 3760 2061 3815 A
2124 3762 2135 3827 Ι
2201 3763 2268 3817 11
2316 3778 2417 3826 την
2455 3769 2524 3818 >
2560 3775 2589 3812 ο
2628 3757 2639 3828 Ι

427 3847 494 3901 12
525 3862 718 3924 συριας
757 3859 826 3909 >
862 3848 941 3904 Ac
985 3850 994 3917 Ι
1043 3849 1112 3903 12
1147 3849 1290 3902 ιδων
1325 3848 1388 3901 δε
1422 3866 1516 3900 και
1550 3847 1645 3912 ab,
1681 3867 1777 3901 και
1814 3848 1937 3901 ιδεν
1973 3847 2071 3902 AD
2102 3846 2219 3916 [ent
2260 3845 2507 3914 superest
2542 3844 2645 3897 δεν

423 3935 548 3988 ante
585 3935 752 4004 ησαυ]
791 3935 866 4000 E,
901 3954 996 3989 και
1035 3934 1184 3988 assas
1219 3936 1364 4004 omty
1389 3933 1512 4003 [sic]
1545 3951 1573 3986 z
1637 3936 1648 3999 Ι
1719 3934 1783 3990 13
1820 3933 2011 4002 ισαακ]
2050 3947 2193 4000 ησαυ
2227 3932 2271 3986 Ε
2338 3932 2347 3999 Ι
2413 3930 2482 3985 14
2516 3930 2645 3983 ante

423 4027 704 4094 επορευθη
733 4023 810 4090 ,Ι-
848 4039 942 4076 mu
975 4020 1074 4075 AD
1107 4018 1224 4090 [GR]
1259 4019 1446 4073 Ecmtz
1509 4019 1519 4088 Ι
1589 4019 1659 4074 14
1688 4034 1829 4086 ησαυ
1874 4028 1943 4079 >
1978 4018 2023 4072 Ε
2071 4019 2081 4088 Ι
2145 4018 2215 4073 14
2250 4019 2445 4082 ελαβεν
2482 4013 2577 4068 ΑΕ
2629 4013 2639 4084 Ι

426 4105 493 4161 14
526 4107 766 4177 μαελεθ]
802 4124 1066 4181 μασεματ
1103 4124 1132 4160 z
1179 4106 1188 4175 Ι
1236 4104 1305 4161 15
1343 4107 1467 4174 post
1501 4105 1753 4176 αδελφην
1790 4108 1854 4173 -Ι-
1892 4106 1956 4158 δε
1990 4121 2019 4156 z
2066 4106 2076 4172 Ι
2134 4103 2200 4158 15
2233 4106 2457 4169 ναβεωθ
2492 4099 2643 4171 abcy,

421 4197 685 4260 ναβαιωθ
720 4191 951 4258 ADEm,
986 4194 1210 4262 ἀβαιωθ
1244 4194 1301 4258 t,
1337 4198 1557 4260 ναβαωτ
1589 4207 1619 4242 z
1649 4189 1659 4258 Ι
1691 4191 1759 4245 16
1794 4206 1991 4242 εαυτου
2024 4203 2056 4242 z
2084 4190 2095 4254 Ι
2127 4186 2283 4256 17118
2324 4202 2643 4254 απηντησεν

423 4276 606 4342 AEt1,
646 4295 921 4346 υπηντησε
957 4296 987 4334 z
1017 4281 1026 4349 Ι
1058 4277 1214 4350 18119
1253 4280 1415 4346 ελαβε
1449 4280 1615 4330 um
1649 4295 1767 4330 απο
1805 4292 1915 4328 των
1954 4277 2131 4326 hom
2165 4275 2247 4328 miz
2284 4274 2293 4341 Ι
2337 4272 2407 4327 19
2442 4277 2644 4340 εθηκεν

425 4363 528 4418 Ect
546 4369 594 4428 ¹,
633 4369 904 4430 επεθηκεν
942 4365 991 4418 A
1031 4365 1188 4436 [non,
1223 4365 1290 4420 ut
1313 4362 1482 4434 uulgo
1515 4360 1778 4427 traditur,
1818 4359 2081 4429 επεθηκε]
2114 4359 2125 4429 Ι
2155 4358 2227 4415 20
2249 4375 2439 4428 εκεινῳ
2464 4367 2533 4419 >
2556 4357 2601 4412 Ε
2629 4359 2639 4430 Ι

426 4452 498 4506 20
531 4455 893 4521 ηνυπνιασθη
925 4451 975 4506 D
1003 4451 1114 4522 [Gn]
1140 4451 1187 4505 Ε
