3169 4941
574 416 642 475 14

741 578 826 643 Et
849 578 1020 659 facti
1056 582 1194 643 eunt
1236 600 1436 645 omnes
1479 582 1610 645 dies
1650 580 1781 646 Noe
1823 582 2137 647 DOOOGL
2190 586 2351 648 anni.
2460 600 2605 649 ecce
2647 583 2795 667 post
2834 598 2865 653 1

567 681 876 747 diluuium
931 680 1135 748 OOOL
1197 684 1377 749 annis
1435 684 1597 749 uixit
1644 684 1803 750 Noe.
1906 704 1981 750 ex
2036 704 2159 769 quo
2226 686 2631 769 perspicuum
2694 689 2795 753 est

567 785 734 853 CXX
793 806 991 853 annos
1049 788 1442 871 generationi
1499 787 1629 867 illi,
1696 791 1771 853 ut
1824 808 2016 873 supra
2080 789 2347 855 diximus
2365 840 2382 869 ‚
2438 790 2519 855 ad
2572 793 2791 874 poeni-

564 890 834 957 tentiam
887 890 1070 956 datos
1131 892 1198 955 et
1239 910 1364 956 non
1411 891 1580 957 uitae
1624 892 1989 958 mortalium
2050 894 2447 959 constitutos.

741 998 907 1061 Filii
945 995 1142 1076 Iafeth
1186 998 1412 1061 Gomer
1455 1003 1512 1061 et
1557 1000 1785 1081 Maqoy
1834 1004 1893 1063 et
1936 1000 2157 1062 Madaz·
2190 1004 2247 1063 et
2288 1002 2483 1063 Iauan
2521 1005 2579 1063 et
2632 1003 2789 1063 Thu·
2824 1005 2863 1059 5

564 1102 666 1165 bal
709 1106 766 1165 et
803 1102 1050 1165 Mosoch
1090 1105 1148 1163 et
1199 1102 1435 1165 Thims.
1539 1100 1745 1167 Iafeth
1800 1100 1931 1165 filio
1977 1101 2117 1167 Noe
2160 1102 2297 1167 nati
2342 1105 2489 1168 sunt
2545 1105 2791 1186 septem

563 1202 713 1281 filii,
775 1204 884 1285 qui
934 1202 1348 1286 possederunt
1399 1206 1641 1269 terram
1700 1205 1768 1269 in
1814 1204 1971 1271 Asia
2028 1206 2107 1270 ab
2152 1204 2401 1271 Amano
2462 1208 2525 1271 et
2580 1207 2788 1271 Tauro

567 1307 784 1391 Syriae
809 1306 1032 1373 Coeles
1071 1309 1136 1372 et
1172 1306 1430 1373 Ciliciae
1474 1308 1798 1373 montibus
1854 1328 2052 1392 usque
2097 1309 2179 1374 ad
2220 1310 2485 1375 fluuium
2528 1311 2788 1389 Tanain,

563 1412 630 1477 in
673 1412 926 1495 Europa
971 1430 1122 1477 uero
1165 1430 1364 1495 usque
1409 1412 1491 1477 ad
1533 1412 1800 1491 Gadita,
1856 1414 2113 1479 nomina
2168 1413 2325 1480 locis
2374 1416 2438 1479 et
2491 1414 2788 1498 gentibus

564 1515 1026 1599 relinquentes:
1071 1536 1104 1581 e
1161 1517 1384 1599 quibus
1427 1519 1651 1600 postea
1693 1517 2007 1583 inmutata
2052 1519 2199 1582 sunt
2240 1517 2533 1600 plurima,
2578 1519 2789 1583 cetera
2825 1526 2899 1581 10

564 1622 938 1704 permanent
981 1621 1056 1685 ut
1099 1620 1371 1686 fuerunt.
1471 1623 1623 1686 sunt
1668 1622 1884 1687 autem
1924 1621 2159 1687 Gomer
2202 1621 2468 1687 Galatae
2484 1670 2501 1699 ‚
2545 1622 2789 1705 Magog

563 1724 834 1807 Scythae
851 1773 868 1802 ‚
931 1723 1148 1789 Madai
1190 1724 1395 1802 Medi,
1455 1725 1654 1791 Iauan
1698 1726 1914 1804 Iones,
1957 1725 2066 1808 qui
2106 1728 2172 1791 et
2202 1726 2430 1791 Graeci
2480 1723 2683 1808 (unde
2722 1728 2787 1791 et

565 1846 740 1895 mare
793 1827 1108 1911 ionium),
1155 1827 1402 1894 Thubal
1446 1828 1616 1895 Iberi
1632 1877 1647 1907 ‚
1694 1829 1801 1913 qui
1848 1831 1913 1895 et
1954 1829 2225 1912 Hispani
2241 1878 2257 1907 ‚
2302 1849 2341 1894 a
2385 1830 2609 1912 quibus
2638 1830 2785 1895 Cel-

561 1932 750 1999 tiberi
767 1982 782 2012 ,
837 1932 990 1996 licet
1033 1932 1290 2014 quidam
1334 1932 1533 1998 Italos
1579 1933 2012 2017 suspicentur:
2057 1934 2320 1999 Mosoch
2367 1932 2785 2017 Cappadocae,

559 2036 726 2101 unde
773 2037 840 2101 et
899 2034 1052 2100 urbs
1096 2054 1292 2119 usque
1353 2035 1540 2101 hodie
1587 2036 1753 2119 apud
1809 2055 1916 2103 eos
1958 2037 2220 2103 Mazaca
2271 2038 2501 2103 dicitur
2561 2038 2781 2120 (porro
2822 2046 2893 2101 15

559 2138 734 2205 LXX
797 2139 1172 2222 interpretes
1231 2138 1555 2223 Captorim
1600 2138 2002 2225 Cappadoces
2046 2141 2487 2225 arbitrantur):
2556 2142 2783 2207 Thiras

559 2244 834 2311 Thraces
851 2292 868 2322 ,
963 2261 1234 2325 quorum
1311 2263 1438 2309 non
1521 2245 1681 2319 satis
1762 2245 2149 2311 inmutatum
2212 2246 2591 2311 uocabulum
2664 2247 2783 2311 est.

561 2349 692 2414 scio
739 2346 1052 2433 quendam
1095 2346 1239 2432 Gog
1285 2350 1350 2413 et
1401 2348 1643 2433 Magog
1690 2350 1827 2413 tam
1882 2347 1958 2414 de
2018 2350 2335 2432 praesenti
2392 2349 2533 2415 loco
2593 2368 2783 2434 quam

561 2450 638 2518 de
681 2452 974 2520 Ezechiel
1034 2451 1116 2519 ad
1155 2451 1509 2519 Gothorum
1569 2472 1772 2536 nuper
1816 2453 1884 2518 in
1940 2455 2112 2520 terra
2155 2454 2373 2520 nostra
2410 2454 2783 2539 uagantium

497 2553 534 2586 ‘
557 2557 892 2622 historiam
948 2556 1306 2623 rettulisse:
1369 2556 1536 2640 quod
1594 2558 1811 2623 utrum
1853 2577 2077 2624 uerum
2133 2559 2249 2637 sit,
2313 2558 2541 2642 proelii
2580 2559 2779 2641 ipsius
2816 2569 2893 2624 20

558 2660 684 2726 fine
751 2662 1162 2726 monstratur.
1279 2665 1345 2726 et
1419 2663 1589 2728 certe
1662 2662 1904 2728 Gothos
1990 2681 2206 2728 omnes
2292 2665 2462 2728 retro
2549 2663 2779 2728 eruditi

556 2765 764 2850 magis
815 2765 1010 2832 Getas
1064 2785 1255 2849 quam
1313 2766 1454 2850 Gog
1517 2768 1582 2832 et
1640 2767 1879 2850 Magog
1930 2766 2245 2850 appellare
2306 2769 2779 2834 consueuerant.

555 2869 676 2936 hae
719 2869 934 2953 itaque
975 2872 1240 2954 septem,
1261 2872 1482 2954 gentes
1498 2920 1513 2947 ‚
1574 2889 1731 2954 quas
1776 2871 1853 2936 de
1896 2869 2103 2936 Iafeth
2146 2871 2361 2936 uenire
2407 2871 2601 2955 stirpe
2641 2889 2780 2938 me-

555 2973 804 3040 morani
821 3023 838 3052 ‚
883 2971 963 3040 ad
1005 2973 1318 3057 aquilonis
1361 2975 1611 3057 partem
1652 2974 1958 3040 habitant.

735 3079 900 3142 Filii
933 3078 1162 3142 Gomer
1203 3078 1466 3142 Ascenez
1519 3085 1576 3143 et
1639 3079 1859 3160 szatk
1916 3085 1975 3144 et
2032 3081 2383 3162 Thoyorma.
2494 3077 2777 3144 Ascenez
2812 3091 2889 3145 25

560 3181 789 3248 Graeci
857 3180 1135 3264 Reginos
1215 3183 1450 3248 uocant
1465 3231 1482 3261 ,
1565 3182 1786 3249 Rifath
1856 3181 2299 3266 Paphlagonas
2318 3231 2335 3261 ‚
2420 3182 2780 3266 Thogorma

557 3285 868 3369 Phrygas.

728 3390 895 3454 Filii
941 3391 1136 3454 Iauan
1206 3391 1384 3454 Elisa
1435 3395 1491 3456 et
1542 3392 1793 3455 marsis
1807 3439 1825 3470 ,
1883 3390 2114 3456 Cetkim
2160 3395 2219 3454 et
2266 3391 2591 3458 Dodauim.
2704 3393 2777 3456 ab

555 3496 655 3558 his
693 3495 930 3560 diuisae
970 3499 1111 3558 sunt
1151 3497 1386 3560 insulae
1427 3500 1740 3560 nationum
1782 3499 1846 3558 in
1882 3500 2069 3558 terris
2104 3498 2263 3573 suis,
2304 3499 2411 3558 uir
2451 3496 2777 3560 secundum

699 3626 2603 3698 1Gen9,2915Gen10,2125Gen10,3328Gen10,45-

696 3745 729 3799 5
763 3747 876 3795 uide
898 3745 1142 3810 laquo-dis·
1172 3749 1477 3812 qemmmelte
1514 3747 1889 3811 abmnasunqen
1923 3748 2043 3796 locis
2077 3749 2131 3795 in
2176 3749 2331 3796 indice
2366 3749 2599 3796 indicatis
2629 3756 2675 3798 et
2718 3749 2779 3798 de

549 3835 734 3900 Haqoq
767 3834 979 3884 eiusdem
1017 3833 1234 3898 beitrdqe
1270 3849 1360 3882 zur
1393 3833 1701 3882 bakeriookm
1738 3833 2097 3898 lescikoqraphie
2137 3837 2199 3882 ⁷2
2242 3830 2253 3899 Ι
2298 3831 2365 3885 13
2405 3833 2573 3883 hiberi
2607 3839 2728 3904 βγφ
2766 3832 2775 3903 Ι

551 3920 618 3974 15
659 3919 870 3970 Mazaca
893 3933 942 3980 ς.
986 3921 1046 3984 qs
1071 3919 1244 3969 Mosen
1281 3921 1641 3984 chorenemem,
1676 3921 1765 3982 qui
1799 3913 1981 3968 Maffiak
2014 3929 2061 3970 et
2094 3914 2275 3982 Μαὲαζι
2308 3922 2493 3974 scribit.
2574 3935 2780 3972 mazeca

550 4025 664 4076 γφ,
697 4006 935 4057 mazecha
967 4007 1004 4070 β
1050 4002 1059 4072 Ι
1102 4004 1169 4057 16
1207 4004 1457 4070 captor-im
1503 4008 1601 4073 βγ,
1651 4005 1958 4070 chaptoriim
2001 4023 2046 4074 φ
2085 4002 2095 4072 Ι
2140 4005 2205 4058 17
2254 4007 2574 4056 immutatum
2622 4022 2778 4059 uoca-

549 4092 728 4142 bulum
763 4095 842 4142 est
875 4110 912 4159 y
926 4129 942 4157 ,
995 4091 1298 4141 uocabulum
1340 4091 1660 4142 immutatum
1702 4096 1780 4141 est
1813 4095 1850 4158 β
1892 4097 1900 4152 Ι
1948 4090 2013 4143 19
2047 4091 2293 4142 iezechiel
2328 4110 2373 4160 φ
2422 4091 2429 4160 Ι
2481 4092 2547 4146 19
2583 4110 2776 4162 uagan-

549 4179 679 4226 tium
717 4182 820 4246 βγ,
869 4176 1227 4228 bacchantium
1262 4195 1307 4246 φ
1339 4173 1347 4243 Ι
1378 4177 1444 4230 21
1481 4177 1848 4228 monstrabitur
1884 4195 1927 4246 φ
1960 4177 1968 4244 Ι
2000 4175 2069 4230 22
2107 4183 2475 4229 consueuerant
2510 4185 2607 4248 βγ,
2656 4195 2776 4231 0011-

557 4266 767 4313 suerunt
800 4280 846 4331 φ
875 4261 886 4330 Ι
916 4262 986 4316 25
1021 4263 1302 4314 aschenech
1312 4267 1364 4329 β,
1404 4277 1613 4315 ascenez
1649 4281 1687 4331 y
1729 4263 1780 4329 [z
1815 4266 2067 4326 antiquum
2106 4267 2232 4314 illud
2260 4266 2320 4314 ο11
2358 4265 2559 4332 simil0J,
2596 4267 2777 4317 ascha-

549 4361 644 4397 naz
677 4364 724 4416 φ
755 4347 762 4412 Ι
793 4347 861 4401 25
899 4349 1092 4419 rifamp
1125 4349 1133 4416 Ι
1165 4348 1234 4402 25
1268 4351 1539 4413 gothor-ma
1572 4367 1620 4419 φ
