3169 4941
2518 443 2585 498 15

299 640 330 694 1
364 614 638 696 linquam
677 633 853 677 suam
904 617 961 676 et
1001 615 1406 695 aequationem
1453 631 1628 674 suam
1670 614 1731 674 et
1780 614 2017 691 yentem
2064 627 2257 672 suam.
2359 605 2437 672 de
2481 605 2588 672 Io-

366 716 584 794 nibus,
649 716 716 781 id
771 717 868 781 est
923 715 998 781 de
1057 715 1349 793 Graecis,
1423 715 1768 778 nascuntur
1825 710 2056 790 1111361,
2119 711 2226 794 qui
2280 713 2591 776 uocantur

365 818 692 885 Aeolides:
750 819 914 886 unde
961 821 1026 885 et
1073 819 1294 903 quinta
1339 817 1558 900 lingua
1612 815 1913 882 Graeciae
1964 814 2159 880 aeolis
2218 814 2589 899 appellatur,

370 940 558 1007 quam
598 923 698 988 illi
745 926 978 989 uocant
1018 923 1326 1008 πέμπτην
1369 919 1751 986 διάλεκτον.,
1810 918 2071 988 Tharsis
2116 919 2419 1003 Iosephus
2438 917 2590 984 Oili-

301 1047 334 1099 5
369 1046 474 1094 cas
519 1029 890 1106 arbitratur,
964 1031 1022 1092 θ
1063 1027 1458 1111 aspirationis
1511 1026 1767 1090 literam
1806 1025 2034 1090 uitiose
2106 1043 2145 1089 a
2201 1023 2469 1106 posteris
2523 1023 2591 1087 in

368 1134 481 1198 tau
526 1132 738 1197 dicens
782 1132 974 1198 fuisse
1019 1133 1410 1216 corruptam:
1453 1128 1621 1196 unde
1664 1131 1729 1194 et
1771 1127 2137 1213 metropolis
2177 1147 2393 1194 eorum
2435 1128 2591 1192 ciui-

369 1238 470 1301 tas
533 1237 764 1302 Tarsus
835 1235 1192 1320 appellatur
1207 1284 1222 1314 ‚
1310 1235 1511 1300 Paulo
1587 1233 1868 1317 apostolo
1930 1232 2224 1317 gloriosa.
2344 1231 2594 1298 Cethim

373 1337 556 1417 Citii,
653 1359 692 1404 a
751 1340 976 1424 quibus
1057 1338 1367 1423 hodieque
1436 1338 1589 1403 urbs
1648 1337 1838 1420 Cypri
1908 1335 2144 1403 Citium
2213 1336 2592 1401 nominatur.

371 1441 686 1508 Dodanim
739 1443 1000 1510 Rhodii:
1063 1444 1155 1510 ita
1214 1443 1382 1508 enim
1443 1441 1615 1508 LXX
1680 1442 2059 1524 interpretes
2117 1440 2591 1507 transtulerunt.

268 1568 339 1624 10
369 1547 656 1630 legamus
715 1547 1020 1614 Uarronis
1085 1545 1160 1612 de
1221 1546 1703 1629 antiquitatibus
1769 1544 1977 1629 libros
2030 1543 2109 1630 et}
2154 1544 2356 1610 Sinnii
2407 1543 2595 1628 Capi-

371 1652 540 1716 tonis
605 1653 670 1717 et
747 1670 1047 1735 graecum
1121 1651 1475 1736 Phlegonta
1544 1651 1911 1733 ceterosque
1982 1604 2437 1714 eruditissimos
2496 1650 2595 1714 ui-

372 1773 512 1833 ros,
585 1758 651 1821 et
711 1755 1066 1821 uidebimus
1127 1773 1342 1820 omnes
1394 1772 1594 1838 poene
1652 1753 1891 1820 insulas
1934 1754 1999 1818 et
2053 1752 2249 1818 totius
2292 1752 2460 1818 orbis
2516 1753 2595 1819 11-

373 1852 516 1924 tora
569 1860 892 1943 terrasque
948 1858 1110 1924 mari
1165 1857 1410 1924 uicinas
1463 1858 1711 1942 graecis
1760 1856 1992 1923 accolis
2054 1859 2390 1940 occupatas
2408 1909 2423 1938 ‚
2492 1859 2599 1941 qui

378 1961 482 2048 (ut
539 1983 727 2047 supra
787 1963 1094 2046 diximus)
1163 1964 1243 2029 ab
1299 1961 1545 2028 Amano
1606 1964 1671 2027 et
1732 1963 1939 2027 Tauro
1992 1961 2312 2026 montibus
2388 1962 2599 2028 omnia

273 2092 342 2147 15
377 2067 697 2133 maritima
739 2067 881 2133 loca
916 2086 1114 2150 usque
1162 2065 1242 2132 ad
1283 2085 1587 2132 oceanum
1626 2063 1959 2149 possedere
2002 2064 2442 2132 britannicum.

551 2172 715 2236 Pelii
750 2171 936 2234 Gham
981 2172 1142 2236 Ghus
1199 2176 1256 2234 et
1300 2173 1596 2234 Mesraim
1637 2176 1695 2234 et
1734 2171 1861 2234 Fut
1918 2176 1975 2234 et
2018 2169 2327 2236 Chanaam
2427 2168 2595 2235 Ohus

378 2291 576 2357 usque
649 2273 832 2338 hodie
895 2273 974 2339 ab
1017 2273 1324 2340 Hebraeis
1384 2274 1725 2358 Aethiopia
1794 2275 2219 2358 nuncupatur,
2295 2275 2600 2341 Mesraim

380 2375 730 2461 AegyptuS,
779 2378 906 2442 Fut
935 2378 1180 2461 LibyeS‚
1219 2394 1256 2442 a
1284 2396 1406 2461 quo
1453 2380 1517 2443 et
1560 2377 1983 2443 Mauritaniae
2024 2377 2255 2442 fluuius
2294 2397 2493 2461 usque
2534 2378 2601 2442 in

380 2500 673 2566 praesens
739 2483 865 2547 Fut
933 2482 1162 2549 dicitur
1223 2482 1548 2567 omnisque
1622 2483 1791 2549 circa
1857 2500 2003 2547 eum
2072 2482 2247 2567 regio
2313 2481 2600 2549 futensis.

273 2608 346 2665 20
380 2584 568 2649 multi
626 2585 962 2669 scriptores
1025 2588 1161 2651 tam
1220 2587 1433 2670 graeci
1495 2605 1687 2668 quam
1750 2585 1934 2651 latini
1997 2585 2183 2651 huius
2246 2586 2339 2651 rei
2405 2589 2603 2654 testes

381 2690 544 2755 sunt.
634 2708 828 2772 quare
877 2691 1091 2755 autem
1131 2690 1198 2755 in
1239 2710 1368 2757 una
1416 2692 1669 2755 tantum
1719 2689 1993 2757 climatis
2036 2692 2217 2774 parte
2272 2692 2601 2775 antiquum

380 2792 616 2877 Libyae
673 2811 902 2859 nomen
952 2791 1258 2859 resederit
1313 2797 1378 2860 et
1434 2794 1677 2878 reliqua
1728 2796 1899 2859 terra
1945 2795 2171 2860 uocata
2235 2792 2321 2860 sit
2363 2793 2601 2873 Africa,

383 2897 686 2963 disserere
730 2915 856 2962 non
908 2898 1094 2963 huius
1137 2898 1262 2963 loci
1323 2916 1438 2965 neo
1487 2898 1792 2981 temporis
1819 2938 1825 2945 ·
1849 2900 1964 2965 est.
2068 2916 2256 2981 porro
2306 2898 2604 2965 chanaan

383 3001 658 3083 optinuit
699 3004 936 3068 terram
952 3052 967 3082 ‚
1028 3021 1220 3086 quam
1260 3002 1478 3069 Iudaei
1531 3004 1827 3087 deinceps
1887 3003 2330 3087 possederunt,
2388 3004 2603 3071 eiectis

277 3126 351 3183 25
387 3102 793 3171 chananaeis.

555 3211 720 3275 Filii
777 3212 940 3276 Ghu-s·
1010 3213 1167 3278 Saba
1235 3219 1292 3278 et
1361 3216 1555 3279 Euila
1568 3262 1587 3293 ,
1673 3214 1935 3279 Sabatha
1951 3263 1969 3293 ,
2050 3214 2348 3295 Rekema,
2424 3215 2608 3282 Saba-

383 3315 612 3417 mucan
679 3312 870 3393 Saba,
930 3333 967 3380 a
1025 3334 1147 3397 quo
1211 3316 1472 3383 Sabaeit
1543 3317 1621 3383 de
1672 3317 1897 3400 quibus
1940 3318 2263 3403 Uergilius
2318 3322 2467 3383 solas·
2519 3326 2609 3385 est

385 3419 600 3482 thurea
635 3422 820 3501 mma
857 3418 1120 3487 Sabaea.
1225 3421 1290 3485 et
1336 3419 1486 3485 alibi
1530 3426 1877 3505 centumque
1919 3425 2131 3487 sabaeo
2188 3426 2363 3488 thure
2416 3425 2609 3487 calent

385 3540 546 3587 arae.
663 3521 850 3587 Euila
893 3522 1175 3589 Gaetuli:
1245 3523 1312 3587 in
1369 3526 1548 3607 parte
1589 3524 1945 3590 remotioris
1991 3523 2245 3590 Africae
2263 3574 2278 3604 ‚
2348 3526 2603 3592 heremo

279 3650 352 3705 30
389 3625 812 3692 cohaerentes.
899 3624 1180 3691 Sabatha
1197 3676 1212 3706 ‚
1270 3645 1309 3691 a
1350 3646 1471 3711 quo
1521 3625 1894 3708 Sabatheni,
1953 3627 2061 3710 qui
2104 3647 2270 3695 nunc
2304 3628 2608 3695 Astabari

388 3729 807 3798 nominantur.
906 3730 1189 3797 Rehema
1246 3749 1397 3797 uero
1457 3732 1522 3796 et
1581 3730 1933 3799 Sabathaca
1988 3732 2296 3815 paulatim
2348 3734 2609 3817 antiqua

527 3924 562 3979 4
602 3924 856 3992 Iosephus
895 3943 1006 3997 αρχ
1045 3945 1080 3977 α
1115 3925 1164 3989 6,
1209 3926 1240 3981 1
1287 3924 1296 3993 Ι
1341 3926 1409 3980 16
1442 3927 1552 3977 Gen
1587 3926 1671 3989 10,
1712 3925 1746 3980 6
1787 3924 1797 3995 Ι
1839 3926 1909 3982 26
1944 3927 2054 3977 Gen
2075 3926 2215 3992 10‚'2
2263 3926 2273 3997 Ι
2318 3928 2387 3984 27
2425 3928 2611 3997 Uergil

386 4027 549 4076 georg
583 4016 620 4078 β
650 4009 752 4066 117
782 4010 794 4081 Ι
823 4013 896 4068 28
930 4011 1115 4077 Uergil
1150 4012 1328 4064 aeneid
1367 4032 1402 4064 α
1439 4012 1546 4067 416
1576 4011 1682 4067 417

527 4176 565 4231 4
598 4183 845 4230 uocantur
887 4190 1002 4243 post
1047 4178 1341 4233 διαλεκτον
1378 4183 1709 4247 frisingensis
1741 4184 1893 4245 prior
1935 4181 1945 4252 Ι
1988 4180 2026 4235 4
2067 4182 2607 4235 nenennataaekeou

393 4265 718 4316 berolinensis
731 4304 746 4331 ,
783 4280 1330 4319 nnn-mnaramx'ron
1369 4269 1704 4328 scaplianum
1732 4267 1743 4337 Ι
1773 4270 1808 4323 6
1840 4274 1930 4321 tau
1967 4274 2058 4337 βγ,
2095 4285 2191 4321 'rav
2227 4288 2274 4341 φ
2305 4268 2315 4337 Ι
2346 4268 2414 4325 27
2450 4271 2611 4337 uirgi-

387 4350 488 4401 uu·
527 4355 650 4420 βνφ
