3169 4941
566 433 636 490 10

680 603 683 606 ’
739 603 822 665 Et
859 604 1102 665 uocauit
1139 619 1348 664 nomen
1391 605 1522 665 eius
1565 605 1731 665 Enos
1748 626 1767 664 .·
1809 606 1909 665 kio
1951 603 2231 688 spemauif
2260 609 2543 670 inuocare
2577 625 2793 671 nomen
2829 617 2861 672 1

565 704 795 769 domini
843 706 955 768 olei.
1078 721 1197 787 quo
1259 705 1446 770 modo
1506 705 1715 771 Adam
1767 708 1955 772 homo
2013 707 2464 792 interpretatur
2480 759 2495 788 ‚
2570 709 2665 775 ita
2721 709 2791 775 et

563 809 734 873 Enos
796 807 974 873 iuxta
1015 807 1320 874 hebraeae
1358 809 1615 893 linguae
1672 811 2047 877 uarietatem
2106 813 2292 878 homo
2332 813 2437 878 uel
2481 813 2581 878 uir
2626 813 2787 898 dici-

564 913 686 979 tur.
776 914 840 977 et
883 911 1140 996 pulchre
1158 961 1173 991 ‚
1235 912 1380 995 quia
1435 915 1557 978 hoc
1604 915 1983 981 uocabulum
2026 915 2281 995 habuit,
2359 918 2435 983 de
2494 936 2566 983 eo
2624 919 2787 983 scri-

562 1019 746 1101 ptum
817 1019 916 1082 cst
973 1022 1115 1081 tunc
1177 1021 1415 1081 initium
1465 1019 1606 1098 fait
1670 1021 2005 1084 innodandi.
2041 1041 2251 1084 nomen
2306 1021 2558 1085 domini:
2628 1020 2787 1086 licet
2824 1026 2859 1079 5

562 1120 842 1203 plerique
864 1119 1300 1186 Hebraeorum
1346 1120 1516 1186 aliud
1563 1122 1947 1188 arbitrentur
1990 1123 2155 1206 quod
2209 1125 2364 1189 tunc
2406 1124 2678 1208 primum
2714 1124 2785 1190 in

563 1224 814 1288 nomine
861 1223 1096 1289 domini
1135 1226 1200 1290 et
1239 1224 1307 1288 in
1353 1224 1765 1291 similitudine
1810 1226 1943 1292 eius
1986 1228 2294 1294 fabricata
2336 1228 2463 1293 sint
2502 1213 2693 1294 idola.

760 1330 968 1392 Uirum
1009 1335 1065 1393 et
1101 1332 1417 1394 mulierem
1448 1331 1601 1409 fecit
1642 1353 1741 1395 eos
1757 1380 1774 1409 ‚
1830 1337 1889 1395 et
1926 1333 2229 1396 benedixit
2263 1355 2388 1410 eos,
2444 1338 2502 1396 et
2538 1335 2787 1397 uocauit

561 1455 771 1497 nomen
825 1453 1031 1497 eorum
1081 1432 1312 1512 Adam,
1367 1432 1437 1498 id
1491 1434 1590 1498 est
1644 1435 1854 1500 homo.
1950 1435 2221 1500 hominis
2278 1437 2493 1502 autem
2550 1454 2783 1502 nomen

561 1537 697 1602 tam
736 1536 873 1602 uiro
914 1555 1104 1619 quam
1142 1537 1412 1602 feminae
1459 1537 1773 1603 conuenit.
2822 1538 2898 1592 10

750 1643 918 1705 Uia-it
966 1647 1166 1706 autem
1205 1641 1408 1706 Adam
1447 1644 1550 1708 00
1592 1649 1650 1708 et
1690 1644 1821 1705 XX
1864 1665 2050 1708 annos
2068 1694 2086 1722 ‚
2158 1650 2215 1708 et
2245 1649 2455 1729 yenuit
2498 1646 2579 1709 ad
2632 1648 2785 1708 inm-

556 1751 758 1830 9inem
815 1752 873 1810 et
934 1747 1392 1810 similitudinem
1464 1769 1637 1810 suam
1654 1796 1670 1825 ‚
1749 1752 1806 1811 et
1864 1751 2109 1812 uocauit
2166 1771 2375 1812 nomen
2432 1754 2563 1813 eius
2621 1749 2782 1813 Seth.

563 1849 888 1916 sciendum
943 1851 1107 1934 quod
1164 1869 1360 1935 usque
1423 1851 1504 1916 ad
1563 1851 1869 1928 diluuium
1890 1901 1907 1930 ‚
1980 1850 2087 1917 ubi
2144 1851 2207 1916 in
2269 1853 2501 1918 nostris
2548 1851 2782 1918 codici-

562 1954 680 2020 bus
747 1953 846 2020 CC
908 1956 974 2020 et
1031 1952 1199 2038 quod
1267 1955 1542 2019 excurrit
1615 1975 1921 2020 annorum
1980 1956 2273 2040 genuisse
2333 1956 2471 2040 quis
2532 1955 2783 2033 dicitur,

561 2058 626 2123 in
666 2058 934 2124 hebraeo
991 2057 1224 2123 habeat
1270 2058 1317 2123 C
1365 2077 1560 2124 annos
1620 2061 1685 2124 et
1744 2059 2017 2142 reliquos
2037 2108 2053 2139 ‚
2115 2059 2225 2142 qui
2266 2062 2579 2126 secuntur.
2821 2057 2934 2113 15⁸

735 2165 1010 2226 ficerunt
1039 2169 1237 2226 autem
1267 2165 1396 2226 dies
1417 2163 1642 2241 Adam,
1678 2169 1993 2248 postquam
2018 2169 2227 2247 yenuit
2248 2164 2405 2241 Seth,
2432 2164 2602 2229 DCC
2624 2169 2784 2230 anni.

561 2267 708 2349 quia
748 2265 813 2330 in
857 2266 956 2332 CC
999 2268 1354 2344 errauerat‚
1401 2268 1853 2349 consequenter
1892 2267 1998 2332 hic
2034 2267 2247 2350 posuit
2286 2266 2449 2332 DCC
2467 2316 2483 2345 ‚
2529 2285 2673 2332 cum
2714 2266 2784 2360 in

559 2372 828 2437 hebraeo
886 2370 990 2436 hic
1041 2371 1273 2436 habeat
1315 2370 1526 2437 DCCC
1571 2371 1637 2435 et
1682 2388 1871 2453 supra
1915 2370 1982 2437 C.

719 2480 802 2541 Et
831 2482 1000 2542 αἰωὶι
1025 2473 1441 2541 Manibus-alam
1489 2481 1663 2541 annis
1692 2476 2013 2542 CLXVII
2042 2483 2099 2541 et
2145 2481 2355 2560 yenuit
2383 2478 2663 2541 Lamech.
2725 2482 2785 2541 et

559 2588 724 2647 uixit
736 2584 1103 2660 Mamm-ala,
1120 2586 1440 2667 postquam
1465 2587 1676 2665 yenuit
1703 2583 1983 2659 Lamech,
2010 2602 2191 2646 ann-os
2200 2581 2493 2647 DOGGH
2507 2586 2564 2645 et
2573 2587 2783 2665 yenuit
2817 2593 2895 2649 20

541 2689 720 2771 filios
749 2692 806 2751 et
815 2688 1012 2769 filias,
1057 2691 1114 2750 et
1134 2686 1396 2767 fuerunt
1425 2708 1625 2750 omnes
1653 2686 1781 2750 dies
1810 2688 2209 2763 Mathusalae,
2240 2706 2386 2769 quos
2415 2690 2596 2765 uixit,
2638 2690 2787 2749 anni

560 2792 945 2856 DCGGGLX
957 2790 1164 2868 VZHI,
1182 2796 1240 2853 et
1257 2795 1533 2854 mortuus
1549 2794 1655 2855 est.
1699 2788 1939 2855 famosa
1962 2789 2245 2872 quaestio
2270 2791 2336 2854 et
2358 2787 2779 2874 disputatione

559 2896 843 2961 omnium
893 2893 1302 2959 ecclesiarum
1343 2893 1657 2959 uentilata
1701 2891 1868 2975 quod
1912 2894 2087 2959 iuxta
2132 2892 2503 2978 diligentem
2544 2893 2778 2975 subpu-

557 3000 866 3065 tationem
899 2998 1090 3065 XIIII
1123 3016 1318 3063 annos
1364 2998 1508 3081 post
1540 2995 1849 3062 diluuium
1878 2996 2241 3062 Mathusala
2274 2997 2506 3063 uixisse
2543 2998 2778 3063 refera-

559 3103 683 3168 tur.
773 3102 1006 3167 etenim
1055 3120 1201 3167 cum
1245 3103 1412 3166 esset
1447 3098 1813 3166 Mathusala
1856 3118 2166 3167 annorum
2210 3100 2515 3179 CLXVII,
2558 3100 2783 3185 genuit
2814 3100 2893 3157 25

557 3207 854 3273 Lamech.
927 3224 1187 3271 rursum
1225 3205 1519 3283 Lamech,
1575 3222 1721 3270 cum
1757 3206 1923 3270 esset
1985 3224 2287 3271 annorum
2320 3204 2778 3281 CLXXXVHL

557 3311 778 3394 genuit
812 3310 971 3377 Noe.
1069 3311 1135 3375 et
1193 3310 1354 3375 fiunt
1402 3328 1601 3392 usque
1660 3309 1739 3374 ad
1795 3309 1963 3375 diem
2021 3310 2377 3375 natiuitatis
2438 3309 2575 3375 Noe
2630 3309 2784 3374 anni

555 3415 726 3481 uitae
767 3413 1168 3480 Mathusalae
1214 3414 1492 3481 CCCLV.
1602 3414 2055 3479 sexcentesimo
2116 3415 2331 3479 autem
2398 3431 2559 3478 anno
2604 3412 2781 3479 uitae

557 3520 696 3587 Noe
739 3518 1047 3585 diluuium
1107 3520 1348 3584 factum
1405 3520 1520 3584 est.
1609 3536 1684 3583 ac
1738 3536 1850 3603 per
1896 3518 2017 3582 hoc
2072 3517 2291 3583 habita
2334 3516 2781 3602 subputatione
2904 3578 2917 3595 ,

699 3712 1569 3783 1G0n4‚2618(}en5‚21
1627 3711 2781 3782 11Gen5‚3116G0n5‚4119Gan

558 3800 880 3866 5‚25-27

697 3963 730 4017 ’1
765 3963 868 4014 sint
901 3980 1014 4032 γφ,
1055 3964 1174 4012 sunt
1208 3967 1245 4028 β
1274 3961 1283 4027 Ι
1313 3962 1349 4017 8
1387 3960 1648 4012 benedixit
1680 3960 1755 4011 eis
1791 3978 1883 4031 μφ
1914 3958 1923 4027 Ι
1956 3958 2020 4015 11
2048 3968 2166 4025 post
2201 3960 2379 4025 genuit
2411 3962 2582 4023 prima
2626 3976 2782 4011 manu

557 4054 613 4101 in
645 4053 869 4115 mar-qino
902 4055 970 4106 >
1005 4047 1164 4099 filium
1200 4053 1237 4114 β
1282 4047 1293 4113 Ι
1355 4045 1422 4100 19
1458 4064 1635 4099 nomen
1676 4030 1931 4098 flbw'mn
1968 4064 2061 4112 quo
2094 4049 2233 4096 modo
2270 4050 2327 4096 in
2362 4049 2599 4097 codicibus
2636 4050 2777 4097 exhi-

556 4139 754 4201 beatur,
789 4152 894 4186 moa
926 4139 1118 4203 referre
1153 4138 1228 4185 n'l
1261 4138 1392 4185 inter
1364 4151 1444 4184 res
1420 4143 1467 4184 st
1505 4151 1658 4200 nequo
1693 4151 1809 4185 curo
1844 4149 2082 4197 aamercort!
2097 4128 2209 4197 'quo
2239 4137 2376 4184 modo
2413 4137 2607 4184 numeri
2639 4138 2695 4184 in
2730 4154 2780 4205 φ

559 4226 854 4285 scribantur,
897 4226 1032 4273 cuim
1069 4221 1477 4272 sescentessimus
1516 4221 1678 4272 decim
1713 4230 1871 4272 cetera
1896 4223 2073 4283 procul
2107 4222 2252 4270 dubio
2289 4236 2348 4269 ex
2385 4223 2474 4270 alit
2435 4224 2502 4270 tis
2536 4224 2643 4271 coda
2635 4222 2779 4272 ’cibus

556 4318 710 4360 aetate
747 4325 822 4372 pa
790 4312 960 4359 aribus
1003 4313 1100 4359 iam
1145 4318 1261 4359 nota
1301 4317 1418 4358 me
1485 4306 1493 4377 Ι
1559 4307 1632 4363 23
1669 4307 1996 4359 ecclesiarum
2030 4307 2255 4360 omnium
2290 4325 2384 4378 μφ
2454 4305 2463 4375 Ι
2531 4306 2605 4362 26
2643 4312 2781 4360 esset

555 4410 602 4446 ο.
637 4410 910 4447 nxxxvm.
953 4411 1198 4447 annorum
1232 4399 1270 4460 β
