3169 4941
1362 419 1948 486 .·„,„„20„„

629 605 895 687 proferre
910 651 925 678 ,
992 613 1301 678 excutere,
1368 625 1471 666 eas
1534 641 1620 651 -
1684 607 1930 686 inquam
1979 641 2066 650 —-
2120 625 2192 666 ne
2250 605 2558 667 nominare
2621 606 2860 686 quidem

630 723 787 765 nunc
862 703 1147 765 sustineo.
1262 703 1573 766 habebunt
1631 712 1834 766 autem
1899 703 2223 764 maximam
2283 704 2861 766 commendationem

630 802 865 864 codices
903 801 1027 875 isti,
1072 801 1338 880 quisunt
1363 812 1426 864 et
1460 821 1579 863 non
1611 811 1769 876 sunt,
1817 797 1863 862 Γ
1868 797 2260 862 ΔΘΛΞΣΦΨ
2265 796 2315 860 Ω
2359 820 2434 862 ea
2457 822 2533 864 ex
2573 821 2656 876 re,
2703 803 2861 882 quod

628 899 892 980 integras
938 899 1161 960 ueteris
1208 899 1557 960 testamenti
1597 909 1802 981 partes
1855 898 2178 972 continent,
2240 897 2418 960 nullis
2464 899 2693 961 lacunis
2749 901 2860 962 de-

628 999 937 1072 formataS‚
985 997 1199 1077 quibus
1239 998 1461 1059 totiens
1490 998 1724 1059 codices
1751 997 2015 1058 unciales
2042 995 2232 1057 literis
2273 995 2476 1058 latinis
2514 998 2859 1078 designatas

628 1095 883 1158 uidimus
927 1095 1262 1157 deformari.

796 1213 868 1255 ac
928 1203 1190 1274 quantae
1247 1193 1549 1255 interdum
1609 1195 1691 1256 sit
1743 1192 2068 1254 uetustatis
2125 1193 2512 1254 conformatio
2573 1194 2859 1255 orationis

632 1291 690 1352 in
734 1292 1037 1353 codicibus
1092 1290 1523 1354 recentioribus
1577 1292 1778 1365 obuia,
1831 1292 1894 1354 id
1948 1291 2042 1352 uel
2104 1310 2180 1352 ex
2231 1291 2455 1352 rasuris
2501 1293 2859 1372 quibusdam

629 1389 848 1450 codicis
910 1389 1285 1450 alexandrini
1339 1399 1526 1469 patet.
1627 1391 1827 1452 confer
1881 1390 2058 1450 modo
2126 1389 2281 1450 hanc
2345 1409 2544 1451 meam
2601 1389 2858 1452 Genesis

630 1486 961 1548 editionem
1023 1486 1244 1567 pagina
1287 1485 1388 1560 32,
1441 1487 1520 1550 10
1561 1487 1659 1548 uel
1699 1487 1800 1560 44,
1853 1487 1959 1548 14:
2009 1487 2242 1547 uidebis
2286 1487 2595 1552 librarium
2639 1488 2859 1550 codicis

626 1587 689 1646 A
727 1585 1088 1664 scripturam
1125 1585 1407 1647 reiecisse
1460 1605 1617 1647 nunc
1663 1585 1723 1646 in
1771 1584 2198 1646 recentioribus
2245 1595 2483 1648 tantum
2525 1587 2693 1648 libris
2747 1588 2859 1648 ob-

627 1682 806 1745 uiam.
902 1683 1089 1762 quid?
1130 1685 1286 1762 quod
1334 1683 1555 1763 pagina
1597 1684 1699 1757 44,
1735 1685 1813 1746 14
1857 1682 2004 1762 (quo
2049 1683 2179 1745 loco
2226 1692 2429 1764 potest
2466 1681 2554 1764 τῷ
2609 1680 2860 1764 ὀφθέντι

632 1779 802 1861 αὐτῷ
849 1800 881 1841 e
914 1800 1123 1842 uersus
1158 1781 1572 1861 praecedentis
1607 1781 1721 1842 fine
1753 1781 2074 1860 repetitum
2103 1786 2266 1864 esse)
2301 1781 2602 1860 scriptura
2631 1782 2860 1843 nullam

627 1878 809 1940 aliam
854 1879 929 1938 ob
954 1898 1199 1941 causam
1232 1889 1469 1942 mutata
1500 1879 1796 1952 uideatur,
1839 1878 1954 1939 nisi
1987 1880 2144 1958 quod
2177 1897 2394 1940 nomen
2427 1879 2524 1941 dei
2563 1898 2858 1960 apparere

625 1997 745 2037 non
783 1996 962 2056 posse
1004 1979 1295 2041 creditum
1340 1979 1437 2050 sit,
1498 1995 1679 2056 quum
1723 1985 1958 2038 ueteres
2004 1979 2182 2038 deum
2222 1986 2617 2056 apparentem
2661 1977 2859 2038 homi—

625 2075 799 2136 nibus
845 2084 907 2136 et
949 2095 1014 2136 se
1058 2077 1545 2139 manifestantem
1593 2083 1698 2136 aut
1738 2075 1850 2148 Duff?
1890 2083 2180 2137 uocarent
2224 2084 2330 2136 aut
2373 2081 2593 2164 Ἶζὲὲξῐρ,
2641 2074 2858 2136 similis

622 2175 804 2256 igitur
875 2177 1127 2240 mutatio
1197 2179 1307 2240 illa
1380 2177 1459 2239 sit
1530 2188 1711 2259 atque
1771 2197 1872 2252 ea,
1946 2196 2126 2257 quam
2198 2177 2261 2238 in
2335 2176 2858 2240 constitutionibus

624 2275 974 2355 apostolicis
1020 2278 1117 2352 15,
1146 2277 1227 2340 24
1268 2277 1624 2349 inuenimuS,
1671 2277 1773 2338 ubi
1812 2285 1953 2357 post
1989 2273 2155 2354 λέγει
2196 2273 2420 2355 κύριος,
2467 2294 2648 2355 quum
2687 2275 2858 2335 Iesus

624 2392 949 2453 numquam
1010 2375 1070 2436 in
1126 2375 1349 2436 nostris
1412 2375 1737 2456 euangeliis
1792 2394 1866 2436 ea
1914 2373 2137 2436 dixisse
2186 2372 2608 2453 perhibeatur,
2669 2373 2859 2434 uerba

625 2474 819 2553 (Petri
864 2496 903 2533 α
948 2476 1008 2549 4,
1056 2473 1094 2537 8
1138 2473 1390 2535 conlatis
1435 2493 1591 2553 quae
1632 2476 1710 2536 ad
1753 2473 2214 2535 Prouerbiorum
2257 2473 2354 2547 10,
2409 2472 2485 2535 12
2531 2469 2853 2552 adnotaui)

621 2571 659 2650 ἡ
713 2571 917 2653 ἀγάπη
970 2571 1265 2633 καλύπτει
1320 2571 1560 2651 πλῆθος
1605 2572 1914 2652 ἁμαρτιῶν
1963 2570 2286 2631 exturbata
2325 2580 2388 2631 et
2428 2568 2712 2632 Iohannis
2756 2568 2854 2641 13,

629 2668 709 2733 35
749 2658 915 2732 locus
958 2670 1244 2731 inferetus
1288 2678 1397 2730 est.
1476 2668 1720 2730 nomina
1755 2667 2003 2747 propria
2057 2668 2232 2728 sedes
2275 2667 2604 2748 praecipua
2641 2666 2856 2728 lectio-

623 2788 770 2829 uum
815 2767 1384 2848 antiquissimarum.
1463 2786 1646 2828 unum
1691 2773 1926 2827 tantum
1971 2765 2313 2845 exemplum
2375 2765 2559 2828 liceat
2605 2766 2854 2826 adferre.

625 2876 891 2945 quantas
932 2865 1143 2927 turbas
1190 2867 1353 2945 apud
1389 2864 1749 2943 interpretes
1793 2863 1964 2925 cierit
1999 2871 2223 2927 ΟῚἿΟΠ
2256 2870 2497 2926 ἾΒἾΩῚΕ
2525 2864 2855 2935 Geneseos,

633 2964 832 3025 sciunt
862 2963 963 3043 qui
1006 2963 1370 3043 theologiam
1415 2962 1577 3025 docti
1614 2970 1779 3021 sunt:
1825 2962 2056 3025 librarii
2095 2964 2292 3044 graeci
2331 2985 2364 3025 e
2401 2962 2649 3025 σπάδων
2693 2962 2857 3022 fece—

633 3072 773 3124 runt
820 3058 1087 3142 ἐπᾴδων,
1136 3060 1573 3143 ἀρχιμάγειρος
1621 3068 2007 3123 mutauerant
2029 3062 2092 3140 in
2139 3061 2500 3144 ἀρχίμαγος,
2545 3068 2613 3121 ut
2659 3059 2860 3121 omnia

622 3160 683 3221 in
738 3158 1015 3222 ordinem
1072 3158 1189 3245 sihi
1244 3159 1698 3221 conuenientem
1748 3159 2101 3239 redigerent.
2193 3160 2315 3221 iam
2367 3160 2419 3221 si
2463 3163 2704 3221 *lD'tmD
2752 3156 2855 3219 ille

624 3254 951 3339 Πετεφρὴς
998 3264 1266 3330 uocatur,
1314 3248 1539 3319 clarum
1584 3256 1976 3337 interpretem
2033 3258 2384 3339 aegyptiace
2427 3260 2671 3319 doctum
2713 3278 2755 3315 π
2793 3276 2858 3313 ετ

624 3354 653 3414 ὲ
697 3377 739 3436 φ
784 3376 857 3437 ρη
910 3375 1043 3416 eum
1084 3355 1185 3434 qui
1243 3354 1354 3415 soli
1397 3353 1673 3435 (sanctus
1717 3354 1840 3436 est)
1881 3354 2276 3416 intellexisse.
2365 3354 2488 3415 iam
2533 3355 2586 3416 si
2631 3372 2855 3434 reppe-

621 3453 855 3515 riuntur
902 3452 1160 3523 codices,
1213 3452 1314 3532 qui
1367 3446 1721 3533 Πεντεφρῆς
1767 3454 2112 3528 exhibeant,
2165 3452 2394 3516 librarii
2429 3454 2709 3515 uidentur
2749 3460 2857 3513 aut

622 3551 945 3617 dialectum
994 3550 1325 3611 Thebaidis
1368 3548 1651 3611 calluisse
1695 3560 1804 3612 aut
1847 3552 2245 3631 antiquiorem
2269 3554 2522 3615 formam
2555 3570 2852 3623 seruasse,

620 3667 659 3709 a
699 3648 911 3710 scribis
952 3647 1367 3709 Alexandriae
1422 3648 1764 3710 uiuentibus
1819 3662 1880 3711 et
1925 3651 2309 3731 memphitice
2355 3649 2736 3730 loquentibus
2793 3649 2856 3709 in

618 3745 863 3808 solitum
900 3744 1017 3807 sibi
1057 3744 1339 3824 loquendi
1371 3748 1614 3807 modum
1653 3756 1969 3811 mutatam.
2035 3768 2175 3810 nam
2197 3749 2502 3811 Thebanis
2540 3755 2858 3809 uocaretur

617 3844 720 3907 ille
760 3866 799 3903 π
830 3864 927 3903 εντ
963 3862 992 3902 ε
1020 3864 1161 3923 πρη.
1228 3838 1335 3921 e‘go
1372 3839 1726 3925 Πεντεφρῆς
1753 3845 2161 3926 recipiendum
2206 3868 2239 3909 e
2278 3846 2708 3909 recentioribus
2734 3844 2854 3907 illis

620 3941 973 4005 crediderim
1011 3949 1074 4003 et
1110 3946 1350 4004 ἾΒἾΩἹΒ
1382 3950 1816 4005 masoretarum
1841 3964 2104 4007 errorem
2134 3944 2528 4024 primitusque
2559 3944 2854 4012 vnvm&

614 4041 818 4115 fuisse,
882 4059 997 4120 quo
1044 4060 1122 4101 ex
1162 4038 1401 4101 nomine
1442 4040 1586 4119 quid
1624 4041 1698 4102 de
1741 4049 2012 4122 tempore
2057 4062 2172 4123 quo
2218 4043 2658 4123 pentateuchus
2699 4042 2852 4105 scri-

616 4148 756 4219 ptus
806 4138 905 4212 sit,
954 4137 1227 4200 concludi
1268 4139 1525 4199 fortasse
1567 4138 1780 4218 possit,
1827 4161 1944 4202 non
1991 4148 2086 4201 est
2128 4142 2287 4221 quod
2331 4160 2626 4206 moneam.

783 4237 1006 4299 Restat
1046 4246 1115 4299 ut
1138 4256 1260 4317 qua
1302 4236 1537 4299 ratione
1578 4236 1642 4299 in
1681 4239 1918 4299 edenda
1941 4238 2162 4299 ueteris
2201 4240 2554 4301 testamenti
2577 4238 2850 4301 uersione

614 4350 835 4411 graeca
876 4337 1317 4414 procedendum
1362 4335 1509 4397 mihi
1560 4354 1694 4397 esse
1749 4335 2026 4397 uideatur
2067 4355 2380 4416 exponam.
2473 4340 2634 4417 quod
2673 4346 2850 4399 ante-

616 4449 797 4509 quam
834 4432 1032 4493 facere
1072 4433 1410 4515 adgrediar,
1454 4434 1517 4495 id
1558 4432 1820 4513 primum
1865 4436 2225 4496 monendum
2275 4454 2410 4497 esse
2449 4436 2712 4497 arbitror
2753 4454 2848 4497 me
