3169 4941
1308 443 1534 501 Genesis
1569 446 1660 501 40.
2487 446 2591 501 165

314 618 338 662 1
378 608 535 692 ἐμοῦ
593 606 765 695 πρὸς
811 606 1079 696 Φαραώ,
1158 606 1267 675 καὶ
1310 606 1559 689 ἐξάξεις
1601 634 1682 693 με
1725 607 1798 676 ἐκ
1839 611 1953 675 τοῦ
1994 600 2404 696 ὀχυρώματος
2446 604 2593 677 τού-

306 1038 335 1085 5

267 1565 333 1610 10

266 2086 329 2131 15

374 736 505 779 του.
605 710 787 779 1ὅδ’τι
840 714 1055 802 κλοπῇ
1096 708 1381 803 ἐκλάπην
1435 712 1505 779 ἐκ
1562 716 1678 802 γῆς
1721 710 2065 802 Ἑβραίων,
2143 713 2255 780 καὶ
2307 706 2434 781 ὦδε
2477 707 2592 782 οὐκ

373 813 659 906 ἐποίησα
724 813 943 901 οὐδέν,
1020 810 1154 884 ἀλλ’
1226 813 1534 904 ἐνέβαλόν
1593 842 1673 903 με
1731 816 1826 898 εἶς
1883 817 1995 885 τὸν
2050 816 2285 885 λάκκον
2343 824 2588 887 τοῦτον.

382 920 559 988 16καὶ
618 914 787 989 εἶδεν
831 919 867 989 ὁ
909 919 1400 1011 ἅρχισιτοποιός
1456 921 1561 990 ὅτι
1606 920 1826 1013 ὀρθῶς
1865 922 2183 1013 συνέκρινε
2199 976 2215 1006 ,
2288 922 2397 989 καὶ
2439 917 2590 992 εἶπε

371 1031 463 1116 τῷ
494 1020 740 1116 Ἰωσὴφ
786 1019 993 1113 Κάγώ
1032 1020 1209 1095 εἶδον
1257 1023 1551 1094 ἐνύπνιον
1566 1081 1582 1111 ,
1640 1026 1748 1094 καὶ
1803 1026 1976 1117 ᾤμην
2044 1024 2196 1116 τρία
2239 1032 2406 1095 κανᾶ
2440 1054 2588 1112 χον-

372 1134 601 1220 δριτῶν
644 1126 849 1221 αἴρειν
892 1128 1011 1198 ἐπὶ
1052 1139 1167 1222 τῆς
1210 1135 1494 1222 κεφαλῆς
1537 1157 1678 1216 μου.
1739 1131 1876 1199 Πέν
1917 1132 1988 1200 δὲ
2039 1138 2214 1223 κανῷ
2241 1136 2337 1221 τῷ
2367 1130 2588 1200 ἐπάνω

372 1232 510 1303 ἀπὸ
557 1230 817 1303 πάντων
860 1241 989 1303 τῶν
1033 1242 1227 1322 γενῶν
1272 1229 1360 1303 ὧν
1407 1236 1650 1325 Φαραώ
1697 1235 1915 1305 ἐσθίει
1930 1292 1945 1321 ,
1989 1233 2172 1327 ἔργον
2215 1240 2562 1305 σιτοποιοῦ
2573 1260 2588 1279 ⁰

371 1340 481 1407 καὶ
523 1340 605 1407 τὰ
654 1340 918 1409 πετεινὰ
972 1348 1087 1409 τοῦ
1150 1338 1416 1430 οὐρανοῦ
1458 1338 1813 1432 κατήσθιεν
1848 1335 2012 1409 αὐτὰ
2057 1339 2195 1409 ἀπὸ
2234 1346 2350 1409 τοῦ
2393 1348 2586 1410 κανοῦ

370 1449 487 1513 τοῦ
525 1441 748 1513 ἐπάνω
788 1453 903 1537 τῆς
941 1449 1223 1536 κεφαλῆς
1265 1472 1406 1532 μου.
1502 1439 1977 1536 18ἀποκριθεὶς
2017 1446 2092 1514 δὲ
2132 1446 2370 1538 Ἰωσὴφ
2401 1441 2587 1515 εἶπεν

368 1543 541 1639 αὐτῷ
580 1549 772 1640 Αἵτη
818 1549 857 1640 ἡ
898 1546 1234 1639 σύγκρισις
1290 1542 1503 1618 αὐτοῦ.
1570 1550 1654 1616 τὰ
1705 1548 1858 1640 τρία
1918 1555 2082 1617 κανᾶ
2128 1556 2301 1638 τρεῖς
2356 1549 2589 1641 ἡμέραι

367 1652 555 1723 εἰσίν.
652 1653 820 1723 1Βέτι
888 1662 1081 1744 τριῶν
1125 1653 1377 1780 ἡμερῶν
1416 1655 1526 1722 καὶ
1587 1649 1822 1744 ἀφελεῖ
1870 1655 2109 1746 Φαραὼ
2149 1654 2264 1745 τὴν
2307 1654 2588 1747 κεφαλήν

368 1781 485 1827 σου
527 1756 664 1828 ἀπὸ
708 1764 857 1844 σοῖ,
930 1759 1042 1828 καὶ
1084 1755 1393 1847 κρεμᾶσει
1450 1782 1524 1827 σε
1584 1759 1704 1827 ἐπι
1741 1759 1955 1844 ξύλου,
2029 1787 2142 1827 και
2185 1756 2461 1847 φάγεται
2503 1759 2584 1827 τὰ

367 1860 555 1953 όρνεα
610 1869 725 1932 τοῦ
781 1858 1057 1954 οὐρανοῦ
1098 1864 1220 1945 τὰς
1276 1859 1516 1953 σάρκας
1561 1886 1680 1932 σου
1725 1862 1868 1933 ἀπὸ
1911 1871 2047 1933 σοῦ.
2145 1863 2254 1909 ’θ’
2221 1863 2474 1951 εγενετο
2512 1865 2586 1933 δε

366 1996 433 2037 εν
463 1972 542 2060 τῇ
578 1967 784 2060 ἡμέρᾳ
828 1972 935 2095 τῇ..
948 1965 1132 2059 τρίτῃ
1175 1967 1379 2058 ἡμέρα
1421 1969 1726 2056 γενέσεως
1767 1964 1843 2060 ἦν
1894 1965 2169 2059 Φαραώ,
2215 1968 2329 2037 καὶ
2369 1966 2586 2037 ἐποίει

368 2069 575 2141 πότον
618 2080 789 2141 πᾶσι
827 2078 970 2155 τοῖς
1014 2073 1247 2141 παισιν
1290 2066 1514 2141 αὐτοῦ·
1572 2072 1685 2140 καὶ
1745 2072 2039 2165 εμνήσθη
2081 2080 2196 2165 τῆς
2238 2071 2432 2165 αρχῆς
2472 2077 2587 2141 τοῦ

368 2172 652 2263 οἰνοχόου
697 2177 806 2246 καὶ
847 2182 962 2269 τῆς
1003 2174 1201 2268 αρχῆς
1236 2184 1351 2245 τοῦ
1409 2186 1754 2246 σιτοποιοῦ
1814 2178 1884 2246 ἐν
1933 2179 2114 2268 μέσῳ
2158 2183 2284 2246 τῶν
2325 2176 2584 2246 παίδων

368 2274 577 2349 αὐτοῦ.
673 2286 731 2325 ²¹
749 2280 857 2349 καὶ
897 2279 1392 2372 ἀποκατέστησε
1429 2281 1543 2349 τὸν
1595 2279 2028 2371 ἀρχιοινοχόον
2065 2282 2182 2350 ἐπὶ
2222 2284 2337 2373 τὴν
2389 2281 2584 2374 ἀρχὴν

368 2384 561 2455 αὐτοῦ
573 2440 591 2474 ,
649 2386 759 2454 καὶ
804 2383 1005 2454 ἔδωκε
1045 2385 1123 2454 τὸ
1165 2382 1479 2478 ποτήριον
1520 2384 1616 2466 εἷς
1657 2388 1768 2480 τὴν
1801 2392 1986 2478 χεῖρα
2035 2383 2294 2478 Φαραώ.
2393 2392 2453 2433 ²²
2474 2387 2585 2457 τὸν

367 2597 441 2633 επ
465 2597 563 2650 εμε
588 2579 661 2645 Ε,
697 2595 947 2647 ποιησεις
968 2597 1072 2653 μετ
1095 2597 1239 2652 εμου
1264 2595 1319 2644 ο,
1356 2592 1612 2646 ποιησεις
1655 2594 1737 2637 εις
1773 2596 1873 2653 εμε
1897 2597 1953 2634 Ζ.
1980 2579 2154 2635 D=b
2185 2583 2194 2650 Ι
2226 2582 2296 2638 20
2324 2583 2480 2636 ελεον
2501 2599 2532 2637 Ζ
2568 2581 2578 2653 Ι

368 2667 437 2720 20
470 2673 742 2737 μνησθεις
776 2683 807 2720 ο
846 2667 959 2736 [και
999 2667 1115 2732 165,
1159 2668 1188 2721 1
1226 2683 1334 2721 non
1368 2665 1541 2737 abest]
1561 2707 1574 2730 ‚
1607 2672 1927 2737 μνησθησει
1959 2685 2014 2722 m
2045 2668 2054 2737 Ι
2085 2668 2154 2722 20
2191 2687 2319 2744 περι
2354 2677 2421 2728 >
2458 2686 2513 2723 m

509 2753 538 2806 1
578 2772 715 2825 εμου
754 2773 893 2828 προς
925 2762 993 2812 >
1026 2754 1071 2807 Ε
1136 2755 1145 2824 Ι
1213 2756 1245 2809 1
1282 2771 1421 2827 προς
1457 2747 1525 2813 >’
1559 2751 1610 2806 A
1653 2752 1838 2822 [habet
1873 2755 1944 2825 D]
1986 2771 2019 2809 a
2083 2757 2093 2822 Ι
2157 2757 2192 2810 2
2226 2758 2414 2824 κλωπη
2452 2772 2506 2809 m
2570 2756 2579 2826 Ι

367 2839 401 2893 2
437 2860 535 2893 ουκ
571 2849 638 2900 >
667 2840 717 2894 D
750 2839 758 2909 Ι
790 2841 824 2894 3
858 2843 994 2894 αλλα
1031 2841 1109 2905 D,
1150 2844 1241 2895 ελλ
1275 2857 1304 2894 c
1344 2841 1492 2911 [sic]‚
1532 2861 1628 2893 και
1669 2859 1697 2893 Ζ
1727 2841 1736 2909 Ι
1767 2842 1802 2896 3
1843 2845 2138 2910 ενεβαλλον
2176 2861 2204 2896 Ζ
2245 2843 2254 2912 Ι
2301 2843 2337 2898 3
2374 2860 2452 2902 εις
2483 2862 2581 2897 τον

366 2945 523 2980 οικον
555 2946 652 2980 του
688 2930 892 2981 λακκου
925 2947 1123 2982 τουτου
1160 2945 1216 2982 cz
1248 2929 1257 2996 Ι
1287 2929 1323 2982 4
1359 2929 1480 2982 ιὸεν
1515 2927 1610 2981 ΑΕ
1640 2930 1650 2994 Ι
1680 2927 1717 2982 4
1753 2943 2071 3005 συνεκρινεν
2107 2927 2265 2983 AEt1
2295 2933 2304 2997 Ι
2351 2930 2388 2985 4
2424 2947 2583 2984 ειπεν

364 3012 523 3067 AEt¹
589 3013 599 3084 Ι
665 3013 701 3068 5
736 3034 830 3068 και
886 3031 995 3083 εγω
1031 3033 1059 3067 Ζ
1130 3015 1137 3084 Ι
1203 3015 1236 3069 5
1273 3013 1532 3069 ιδονΑΒ
1577 3014 1763 3085 [63]Ε
1831 3014 1839 3084 Ι
1904 3017 2067 3072 ὅκαι
2103 3026 2171 3076 >
2208 3017 2259 3070 D
2303 3017 2410 3088 [63]
2453 3032 2512 3070 cz
2571 3014 2580 3087 Ι

364 3101 453 3168 516
490 3099 737 3174 „Aquila
772 3117 914 3175 τρεις
960 3119 1183 3173 κοφινοι
1224 3120 1460 3174 γυρεως.
1523 3101 1872 3171 Symmachus
1908 3121 2034 3178 τρια
2080 3107 2221 3158 κανᾶ
2256 3100 2424 3172 βαϊνά
2441 3107 2472 3130 “
2506 3102 2541 3157 b
2567 3143 2580 3156 .

370 3191 416 3242 Ο
452 3189 655 3248 ακυλας
698 3192 853 3262 Τρεις
886 3206 1167 3260 κωφινους
1196 3205 1404 3260 γυρεως
1439 3205 1494 3242 m
1523 3192 1532 3255 Ι
1565 3189 1652 3260 516
1678 3186 2002 3265 χονδρύτων
2039 3207 2066 3242 Ζ
2097 3189 2107 3258 Ι
2137 3192 2170 3245 6
2208 3208 2392 3266 αιρειν
2421 3200 2490 3251 >
2514 3188 2578 3260 t}

364 3275 398 3328 6
437 3274 561 3327 ante
600 3293 748 3344 κανῳ
786 3275 851 3342 -Ι-
896 3293 971 3327 τω
1006 3275 1104 3327 AD
1130 3274 1247 3344 [63]
1272 3274 1372 3340 ΕΖ,
1409 3277 1474 3344 -Ι-
1515 3296 1591 3346 τῳ
1627 3291 1690 3341 a,
1741 3277 1806 3346 -Ι-
1845 3296 1943 3330 τωι
1977 3279 2060 3330 mt
2111 3280 2120 3343 Ι
2190 3280 2221 3332 7
2260 3297 2369 3332 των
2402 3295 2580 3348 γενων

364 3370 432 3420 >
468 3362 517 3415 D
557 3360 673 3431 [63]
699 3360 743 3413 Ε
798 3362 808 3427 Ι
862 3363 895 3415 7
929 3379 1257 3434 γενηματων
1292 3361 1368 3426 Α,
1406 3367 1624 3432 γενΞων
1660 3365 1687 3417 t
1739 3366 1749 3430 Ι
1805 3366 1836 3418 7
1873 3365 1999 3433 post
2034 3383 2112 3419 ων
2145 3365 2212 3432 -Ι-
2250 3385 2281 3418 ο
2319 3367 2580 3433 βασιλευς

363 3446 462 3502 AD
491 3447 606 3517 [63]
631 3446 819 3501 Eamtz
884 3449 893 3516 Ι
957 3448 989 3502 7
1030 3454 1209 3502 εσθιει
1247 3468 1445 3524 φαραω
1481 3465 1510 3503 c
1568 3452 1576 3516 Ι
1644 3452 1675 3504 7
1715 3469 1856 3525 εργω
1891 3467 1920 3504 c
1972 3453 1982 3518 Ι
2037 3451 2072 3504 8
2104 3470 2201 3505 του
2239 3470 2477 3526 ουρανου
2513 3461 2579 3512 >

364 3535 415 3588 D
440 3534 557 3604 [63]
581 3534 743 3588 Eamt
772 3536 779 3605 Ι
812 3535 845 3588 8
882 3541 1192 3601 κατησθιον
1226 3537 1413 3588 om²tz
1433 3576 1446 3599 ‚
1486 3542 1778 3590 κατισθιον
1810 3542 1902 3590 m¹
1932 3537 1942 3605 Ι
1972 3539 2006 3592 9
2046 3557 2148 3591 του
2184 3555 2372 3590 επανω
2403 3547 2472 3597 >
2497 3554 2526 3618 q
2563 3538 2574 3610 Ι

365 3622 399 3675 9
437 3621 649 3692 επανω]
688 3640 781 3676 sm
818 3622 893 3676 ΕΖ
948 3624 955 3690 Ι
1009 3621 1042 3674 9
1078 3623 1203 3676 ante
1241 3637 1427 3695 ιωσηφ
1463 3624 1528 3691 -Ι-
1568 3644 1599 3676 ο
1637 3640 1692 3677 m
1743 3624 1753 3692 Ι
1809 3624 1876 3679 10
1911 3638 2226 3699 συγκρισεις
2257 3622 2307 3677 Α
2349 3624 2359 3695 Ι
2408 3626 2476 3680 10
2510 3645 2579 3679 τα

364 3717 431 3768 >
454 3709 499 3761 Ε
530 3710 540 3775 Ι
572 3709 640 3764 10
672 3727 788 3780 τρις
808 3707 858 3762 Α
888 3708 897 3778 Ι
930 3710 994 3764 11
1036 3729 1131 3762 και
1163 3717 1230 3768 >
1255 3707 1491 3763 AEamtz
1524 3709 1532 3779 Ι
1567 3711 1633 3766 11
1673 3714 1928 3783 αφελειτε
1954 3710 2005 3763 D
2024 3710 2158 3781 [63],
2197 3714 2482 3783 αφελειται
2509 3729 2537 3767 o
2563 3713 2573 3785 Ι

368 3795 434 3848 12
467 3811 529 3849 σε
564 3805 633 3856 >
669 3813 699 3850 z
742 3797 751 3865 Ι
797 3796 864 3850 12
900 3797 1025 3865 post
1061 3815 1157 3849 και
1194 3797 1424 3851 alterum
1458 3799 1522 3866 -Ι-
1562 3816 1678 3850 παν
1712 3797 1782 3862 Ε,
1819 3797 1914 3852 sed
1949 3799 2162 3866 punctis
2199 3798 2450 3868 inpositis
2485 3801 2575 3854 de-

364 3882 533 3936 letum
587 3882 595 3952 Ι
654 3883 719 3936 12
756 3901 1033 3956 φαγονται
1068 3882 1143 3936 Ec
1172 3883 1183 3952 Ι
1229 3884 1295 3938 13
1331 3885 1518 3960 ορνεα]
1559 3902 1784 3938 πετεινα
1818 3884 1863 3939 Ε
1905 3888 1915 3952 Ι
1959 3885 2026 3940 13
2061 3899 2162 3938 σου
2197 3885 2348 3954 prius
2383 3895 2452 3946 >
2487 3901 2522 3940 a
2562 3888 2571 3960 Ι

370 3968 436 4023 14
471 3987 531 4023 εν
566 3978 634 4029 >
667 3972 749 4023 mt
815 3969 822 4039 Ι
890 3970 959 4026 14
995 3984 1258 4039 γενεσεως
1291 3989 1467 4044 ημερα
1502 3987 1559 4025 c.
1617 3971 1882 4042 Ουδαμου
1933 3973 2150 4032 δικαιος
2185 3991 2445 4043 φαινεται
2483 3991 2571 4045 γε·

365 4059 603 4109 νεθλιων
650 4075 811 4127 αγειν
860 4075 1082 4129 ημεραν
1128 4072 1183 4109 m
1249 4057 1258 4125 Ι
1326 4058 1396 4112 14
1445 4075 1641 4110 εποιευ
1675 4056 1752 4122 Α,
1825 4072 2088 4126 εποιησεν
2137 4059 2210 4124 Ε,
2270 4075 2432 4128 εποιη
2465 4077 2498 4116 Ζ
2558 4060 2570 4133 Ι

367 4143 434 4198 15
469 4162 561 4209 της
593 4161 760 4217 αρχης
796 4152 865 4203 >
907 4159 935 4197 c
966 4143 973 4213 Ι
1007 4143 1073 4199 15
1108 4163 1210 4196 του
1236 4151 1355 4202 >Ζ
1385 4143 1394 4214 Ι
1428 4145 1494 4199 16
1532 4162 1922 4219 αρχιοινοχοου
1957 4145 2055 4199 AD
2082 4145 2190 4215 [63]
2219 4161 2302 4199 cm
2318 4149 2400 4212 ²13,
2448 4167 2573 4203 ονο-

356 4247 499 4298 χοου
534 4228 609 4293 Ε,
648 4248 983 4302 αρχινοχοου
1019 4233 1111 4283 m¹
1150 4229 1159 4298 Ι
1207 4231 1273 4284 16
1310 4249 1402 4297 της
1436 4247 1602 4302 αρχης
1638 4239 1706 4289 >
1737 4229 1812 4283 ΕΖ
1843 4234 1853 4297 Ι
1898 4231 1962 4286 16
2003 4246 2433 4306 αρχισιτοποιου
2469 4235 2568 4290 AD

366 4314 482 4385 [63]
524 4315 681 4369 Eomt
732 4317 741 4384 Ι
797 4317 863 4372 16
914 4335 984 4387 εμ
1023 4331 1179 4388 μεσω
1217 4316 1309 4370 ΑΕ
1355 4319 1365 4383 Ι
1423 4318 1487 4372 17
1525 4336 1697 4370 αυτου
1732 4326 1800 4376 >
1830 4317 1875 4371 Ε
1939 4320 1950 4384 Ι
2016 4319 2084 4374 17
2134 4336 2570 4388 απεκατεστησεν

360 4401 559 4467 ΑΒΕΖ,
600 4417 1041 4470 αποκατεστησεν
1074 4405 1101 4456 t
1120 4407 1139 4439 ¹
1170 4407 1177 4473 Ι
1210 4406 1277 4459 17
1314 4422 1648 4479 αρχινοχοον
1671 4422 1727 4458 m
1745 4409 1794 4470 ¹,
1828 4405 2003 4475 prima
2037 4421 2199 4461 manu
2233 4411 2525 4464 correctum
2554 4409 2564 4482 Ι

364 4487 435 4544 18
469 4491 674 4544 εδωκεν
696 4488 743 4545 A
769 4487 841 4558 [D
854 4487 906 4560 Ρ]
931 4489 1036 4545 Et¹
1066 4492 1077 4557 Ι
1109 4491 1177 4546 18
1210 4509 1308 4552 τας
1334 4509 1527 4566 χειρας
1562 4492 1646 4546 11ιῇ
1673 4494 1684 4561 Ι
1715 4493 1784 4548 18
1817 4495 2034 4571 φαραω]
2072 4514 2240 4549 αυτου
2277 4513 2307 4550 Ζ

2681 4419 2714 4456 ἱ
