<?xml version="1.0" encoding="UTF-8"?>
<!DOCTYPE html PUBLIC "-//W3C//DTD XHTML 1.0 Transitional//EN"
    "http://www.w3.org/TR/xhtml1/DTD/xhtml1-transitional.dtd">
<html xmlns="http://www.w3.org/1999/xhtml" xml:lang="en" lang="en">
 <head>
  <title>
</title>
<meta http-equiv="Content-Type" content="text/html;charset=utf-8" />
  <meta name='ocr-system' content='tesseract 3.04.00' />
  <meta name='ocr-capabilities' content='ocr_page ocr_carea ocr_par ocr_line ocrx_word'/>
</head>
<body>
  <div class='ocr_page' id='page_1' title='image "./genesisgraeceef00unkngoog_0311.png"; bbox 0 0 3169 4941; ppageno 0'>
   <div class='ocr_carea' id='block_1_1' title="bbox 584 451 657 508">
    <p class='ocr_par' dir='ltr' id='par_1_1' title="bbox 584 451 657 508">
     <span class='ocr_line' id='line_1_1' title="bbox 584 451 657 508; baseline 0 -2"><span class='ocrx_word' id='word_1_1' title='bbox 584 451 657 508; x_wconf 75' lang='lat'><strong>36</strong></span> 
     </span>
    </p>
   </div>
   <div class='ocr_carea' id='block_1_2' title="bbox 585 610 2939 3816">
    <p class='ocr_par' dir='ltr' id='par_1_2' title="bbox 585 610 2885 1011">
     <span class='ocr_line' id='line_1_2' title="bbox 586 610 2885 698; baseline -0.003 -20"><span class='ocrx_word' id='word_1_2' title='bbox 586 613 696 678; x_wconf 86' lang='lat' dir='ltr'><strong>ubi</strong></span> <span class='ocrx_word' id='word_1_3' title='bbox 741 613 1276 681; x_wconf 75' lang='lat' dir='ltr'><strong>adolescentulam</strong></span> <span class='ocrx_word' id='word_1_4' title='bbox 1319 616 1571 681; x_wconf 86' lang='lat' dir='ltr'><strong>tantum</strong></span> <span class='ocrx_word' id='word_1_5' title='bbox 1618 617 1684 680; x_wconf 89' lang='lat' dir='ltr'><strong>et</strong></span> <span class='ocrx_word' id='word_1_6' title='bbox 1738 633 1862 680; x_wconf 84' lang='lat' dir='ltr'><strong>non</strong></span> <span class='ocrx_word' id='word_1_7' title='bbox 1903 613 2219 698; x_wconf 86' lang='lat' dir='ltr'><strong>uirginem</strong></span> <span class='ocrx_word' id='word_1_8' title='bbox 2262 612 2470 676; x_wconf 79' lang='lat' dir='ltr'><strong>sonet:</strong></span> <span class='ocrx_word' id='word_1_9' title='bbox 2530 610 2598 675; x_wconf 90' lang='lat' dir='ltr'><strong>et</strong></span> <span class='ocrx_word' id='word_1_10' title='bbox 2658 627 2815 674; x_wconf 90' lang='lat' dir='ltr'><strong>con·</strong></span> <span class='ocrx_word' id='word_1_11' title='bbox 2859 616 2885 671; x_wconf 92' lang='lat'>1</span> 
     </span>
     <span class='ocr_line' id='line_1_3' title="bbox 585 714 2818 803; baseline -0.002 -21"><span class='ocrx_word' id='word_1_12' title='bbox 585 715 867 782; x_wconf 83' lang='lat' dir='ltr'><strong>ccdimus</strong></span> <span class='ocrx_word' id='word_1_13' title='bbox 915 717 1006 782; x_wconf 82' lang='lat' dir='ltr'><strong>eis</strong></span> <span class='ocrx_word' id='word_1_14' title='bbox 1045 718 1204 784; x_wconf 90' lang='lat' dir='ltr'><strong>illud</strong></span> <span class='ocrx_word' id='word_1_15' title='bbox 1222 768 1238 798; x_wconf 96' lang='lat'>,</span> <span class='ocrx_word' id='word_1_16' title='bbox 1297 719 1465 803; x_wconf 83' lang='lat' dir='ltr'><strong>quod</strong></span> <span class='ocrx_word' id='word_1_17' title='bbox 1507 720 1576 784; x_wconf 91' lang='lat' dir='ltr'><strong>in</strong></span> <span class='ocrx_word' id='word_1_18' title='bbox 1609 719 1777 784; x_wconf 80' lang='lat' dir='ltr'><strong>Isaia</strong></span> <span class='ocrx_word' id='word_1_19' title='bbox 1820 717 1985 801; x_wconf 86' lang='lat' dir='ltr'><strong>apud</strong></span> <span class='ocrx_word' id='word_1_20' title='bbox 2030 735 2146 782; x_wconf 83' lang='lat' dir='ltr'><strong>nos</strong></span> <span class='ocrx_word' id='word_1_21' title='bbox 2194 714 2422 781; x_wconf 86' lang='lat' dir='ltr'><strong>dicitur</strong></span> <span class='ocrx_word' id='word_1_22' title='bbox 2462 737 2591 779; x_wconf 80' lang='lat' dir='ltr'><strong>ecee</strong></span> <span class='ocrx_word' id='word_1_23' title='bbox 2636 717 2818 796; x_wconf 81' lang='lat' dir='ltr'><em>uir90</em></span> 
     </span>
     <span class='ocr_line' id='line_1_4' title="bbox 585 816 2817 907; baseline -0.001 -23"><span class='ocrx_word' id='word_1_24' title='bbox 585 826 872 906; x_wconf 74' lang='lat' dir='ltr'><em>concipiet</em></span> <span class='ocrx_word' id='word_1_25' title='bbox 929 829 987 887; x_wconf 82' lang='lat' dir='ltr'><strong>et</strong></span> <span class='ocrx_word' id='word_1_26' title='bbox 1032 828 1270 907; x_wconf 81' lang='lat' dir='ltr'><strong>pariet,</strong></span> <span class='ocrx_word' id='word_1_27' title='bbox 1338 842 1465 889; x_wconf 90' lang='lat' dir='ltr'><strong>non</strong></span> <span class='ocrx_word' id='word_1_28' title='bbox 1521 822 1956 889; x_wconf 76' lang='lat' dir='ltr'>absconditam</span> <span class='ocrx_word' id='word_1_29' title='bbox 2015 821 2364 905; x_wconf 85' lang='lat' dir='ltr'><strong>uirginem,</strong></span> <span class='ocrx_word' id='word_1_30' title='bbox 2427 818 2538 884; x_wconf 83' lang='lat' dir='ltr'><strong>sed</strong></span> <span class='ocrx_word' id='word_1_31' title='bbox 2598 816 2817 884; x_wconf 83' lang='lat' dir='ltr'><strong>adole-</strong></span> 
     </span>
     <span class='ocr_line' id='line_1_5' title="bbox 587 925 1712 1011; baseline 0.002 -21"><span class='ocrx_word' id='word_1_32' title='bbox 587 925 940 991; x_wconf 80' lang='lat' dir='ltr'><strong>scentulam</strong></span> <span class='ocrx_word' id='word_1_33' title='bbox 981 926 1230 1011; x_wconf 80' lang='lat' dir='ltr'><strong>signare</strong></span> <span class='ocrx_word' id='word_1_34' title='bbox 1266 928 1396 993; x_wconf 87' lang='lat' dir='ltr'><strong>iam</strong></span> <span class='ocrx_word' id='word_1_35' title='bbox 1429 929 1712 1010; x_wconf 86' lang='lat' dir='ltr'><strong>nuptam.</strong></span> 
     </span>
    </p>

    <p class='ocr_par' dir='ltr' id='par_1_3' title="bbox 587 1030 2924 1615">
     <span class='ocr_line' id='line_1_6' title="bbox 761 1030 2885 1097; baseline -0.003 -3"><span class='ocrx_word' id='word_1_36' title='bbox 761 1033 844 1094; x_wconf 81' lang='lat' dir='ltr'><strong>Et</strong></span> <span class='ocrx_word' id='word_1_37' title='bbox 883 1032 1240 1096; x_wconf 73' lang='lat' dir='ltr'><em>dimiserunt</em></span> <span class='ocrx_word' id='word_1_38' title='bbox 1257 1034 1584 1097; x_wconf 84' lang='lat' dir='ltr'><strong>Rebeccam</strong></span> <span class='ocrx_word' id='word_1_39' title='bbox 1628 1053 1893 1096; x_wconf 77' lang='lat' dir='ltr'><em>sororem</em></span> <span class='ocrx_word' id='word_1_40' title='bbox 1926 1053 2101 1095; x_wconf 71' lang='lat' dir='ltr'><em>suam</em></span> <span class='ocrx_word' id='word_1_41' title='bbox 2144 1037 2201 1095; x_wconf 87' lang='lat' dir='ltr'><strong>et</strong></span> <span class='ocrx_word' id='word_1_42' title='bbox 2242 1032 2637 1094; x_wconf 62' lang='lat' dir='ltr'><strong>substantiam</strong></span> <span class='ocrx_word' id='word_1_43' title='bbox 2679 1031 2813 1090; x_wconf 75' lang='lat' dir='ltr'><em>eius</em></span> <span class='ocrx_word' id='word_1_44' title='bbox 2848 1030 2885 1086; x_wconf 87' lang='lat'>5</span> 
     </span>
     <span class='ocr_line' id='line_1_7' title="bbox 587 1131 2813 1220; baseline -0.001 -23"><span class='ocrx_word' id='word_1_45' title='bbox 587 1139 644 1197; x_wconf 88' lang='lat' dir='ltr'><strong>et</strong></span> <span class='ocrx_word' id='word_1_46' title='bbox 697 1155 940 1198; x_wconf 72' lang='lat' dir='ltr'><em>seruum</em></span> <span class='ocrx_word' id='word_1_47' title='bbox 981 1134 1294 1200; x_wconf 77' lang='lat' dir='ltr'><strong>Abraham</strong></span> <span class='ocrx_word' id='word_1_48' title='bbox 1336 1141 1394 1200; x_wconf 89' lang='lat' dir='ltr'><strong>et</strong></span> <span class='ocrx_word' id='word_1_49' title='bbox 1447 1141 1618 1200; x_wconf 72' lang='lat' dir='ltr'><em>uiros</em></span> <span class='ocrx_word' id='word_1_50' title='bbox 1631 1184 1648 1214; x_wconf 87' lang='lat'>‚</span> <span class='ocrx_word' id='word_1_51' title='bbox 1708 1140 1816 1220; x_wconf 81' lang='lat' dir='ltr'><strong>qui</strong></span> <span class='ocrx_word' id='word_1_52' title='bbox 1856 1157 1992 1199; x_wconf 81' lang='lat' dir='ltr'><strong>cum</strong></span> <span class='ocrx_word' id='word_1_53' title='bbox 2034 1158 2099 1199; x_wconf 87' lang='lat' dir='ltr'><strong>eo</strong></span> <span class='ocrx_word' id='word_1_54' title='bbox 2144 1139 2330 1198; x_wconf 81' lang='lat' dir='ltr'><em>erant.</em></span> <span class='ocrx_word' id='word_1_55' title='bbox 2422 1132 2490 1196; x_wconf 87' lang='lat' dir='ltr'><strong>in</strong></span> <span class='ocrx_word' id='word_1_56' title='bbox 2540 1131 2813 1196; x_wconf 80' lang='lat' dir='ltr'><strong>hebraeo</strong></span> 
     </span>
     <span class='ocr_line' id='line_1_8' title="bbox 589 1237 2819 1305; baseline -0.001 -5"><span class='ocrx_word' id='word_1_57' title='bbox 589 1237 783 1302; x_wconf 77' lang='lat' dir='ltr'><strong>habet</strong></span> <span class='ocrx_word' id='word_1_58' title='bbox 822 1243 878 1301; x_wconf 88' lang='lat' dir='ltr'><strong>et</strong></span> <span class='ocrx_word' id='word_1_59' title='bbox 931 1239 1288 1304; x_wconf 70' lang='lat' dir='ltr'><strong>dimiserunt</strong></span> <span class='ocrx_word' id='word_1_60' title='bbox 1323 1242 1653 1305; x_wconf 75' lang='lat' dir='ltr'><strong><em>Rebeccam</em></strong></span> <span class='ocrx_word' id='word_1_61' title='bbox 1690 1262 1955 1304; x_wconf 73' lang='lat' dir='ltr'><em>sororem</em></span> <span class='ocrx_word' id='word_1_62' title='bbox 1998 1261 2170 1303; x_wconf 75' lang='lat' dir='ltr'><em>suam</em></span> <span class='ocrx_word' id='word_1_63' title='bbox 2224 1244 2281 1302; x_wconf 87' lang='lat' dir='ltr'><strong>et</strong></span> <span class='ocrx_word' id='word_1_64' title='bbox 2334 1242 2627 1300; x_wconf 79' lang='lat' dir='ltr'><strong>nutricem</strong></span> <span class='ocrx_word' id='word_1_65' title='bbox 2684 1241 2819 1299; x_wconf 72' lang='lat' dir='ltr'><em>eius</em></span> 
     </span>
     <span class='ocr_line' id='line_1_9' title="bbox 587 1340 2814 1426; baseline -0.001 -20"><span class='ocrx_word' id='word_1_66' title='bbox 587 1347 644 1406; x_wconf 79' lang='lat' dir='ltr'><strong>et</strong></span> <span class='ocrx_word' id='word_1_67' title='bbox 689 1363 934 1408; x_wconf 72' lang='lat' dir='ltr'><em>seruum</em></span> <span class='ocrx_word' id='word_1_68' title='bbox 963 1343 1248 1408; x_wconf 76' lang='lat' dir='ltr'><strong><em>Abrahae</em></strong></span> <span class='ocrx_word' id='word_1_69' title='bbox 1287 1351 1346 1408; x_wconf 84' lang='lat' dir='ltr'><strong>et</strong></span> <span class='ocrx_word' id='word_1_70' title='bbox 1380 1350 1551 1410; x_wconf 75' lang='lat' dir='ltr'><em>uiros</em></span> <span class='ocrx_word' id='word_1_71' title='bbox 1594 1347 1785 1409; x_wconf 68' lang='lat' dir='ltr'><em>itlius.</em></span> <span class='ocrx_word' id='word_1_72' title='bbox 1894 1343 2120 1409; x_wconf 80' lang='lat' dir='ltr'><strong>decens</strong></span> <span class='ocrx_word' id='word_1_73' title='bbox 2161 1343 2389 1426; x_wconf 84' lang='lat' dir='ltr'><strong>quippe</strong></span> <span class='ocrx_word' id='word_1_74' title='bbox 2434 1343 2573 1406; x_wconf 80' lang='lat' dir='ltr'><strong>erat</strong></span> <span class='ocrx_word' id='word_1_75' title='bbox 2614 1341 2689 1405; x_wconf 89' lang='lat' dir='ltr'><strong>ut</strong></span> <span class='ocrx_word' id='word_1_76' title='bbox 2733 1340 2814 1404; x_wconf 79' lang='lat' dir='ltr'><strong>ad</strong></span> 
     </span>
     <span class='ocr_line' id='line_1_10' title="bbox 588 1441 2812 1532; baseline -0.001 -24"><span class='ocrx_word' id='word_1_77' title='bbox 588 1444 842 1528; x_wconf 77' lang='lat' dir='ltr'><strong>nuptias</strong></span> <span class='ocrx_word' id='word_1_78' title='bbox 899 1446 1132 1531; x_wconf 82' lang='lat' dir='ltr'><strong>absque</strong></span> <span class='ocrx_word' id='word_1_79' title='bbox 1175 1448 1543 1531; x_wconf 81' lang='lat' dir='ltr'><strong>parentibus</strong></span> <span class='ocrx_word' id='word_1_80' title='bbox 1600 1449 1783 1532; x_wconf 85' lang='lat' dir='ltr'><strong>uirgo</strong></span> <span class='ocrx_word' id='word_1_81' title='bbox 1824 1445 2223 1532; x_wconf 79' lang='lat' dir='ltr'><strong>proficiscens</strong></span> <span class='ocrx_word' id='word_1_82' title='bbox 2268 1443 2532 1510; x_wconf 83' lang='lat' dir='ltr'><strong>nutricis</strong></span> <span class='ocrx_word' id='word_1_83' title='bbox 2578 1441 2812 1508; x_wconf 79' lang='lat' dir='ltr'><strong>solacio</strong></span> 
     </span>
     <span class='ocr_line' id='line_1_11' title="bbox 589 1547 2924 1615; baseline 0 -3"><span class='ocrx_word' id='word_1_84' title='bbox 589 1547 930 1615; x_wconf 84' lang='lat' dir='ltr'><strong>feneretur.</strong></span> <span class='ocrx_word' id='word_1_85' title='bbox 2852 1559 2924 1613; x_wconf 83' lang='lat'><strong>10</strong></span> 
     </span>
    </p>

    <p class='ocr_par' dir='ltr' id='par_1_4' title="bbox 587 1653 2929 2676">
     <span class='ocr_line' id='line_1_12' title="bbox 763 1653 2817 1740; baseline -0.002 -22"><span class='ocrx_word' id='word_1_86' title='bbox 763 1657 846 1718; x_wconf 77' lang='lat' dir='ltr'><strong>Et</strong></span> <span class='ocrx_word' id='word_1_87' title='bbox 901 1660 1028 1740; x_wconf 74' lang='lat' dir='ltr'><em>ipse</em></span> <span class='ocrx_word' id='word_1_88' title='bbox 1077 1659 1383 1722; x_wconf 77' lang='lat' dir='ltr'><strong><em>habitabat</em></strong></span> <span class='ocrx_word' id='word_1_89' title='bbox 1434 1662 1500 1721; x_wconf 81' lang='lat' dir='ltr'><strong>in</strong></span> <span class='ocrx_word' id='word_1_90' title='bbox 1556 1663 1723 1720; x_wconf 84' lang='lat' dir='ltr'><em>terra</em></span> <span class='ocrx_word' id='word_1_91' title='bbox 1772 1659 1976 1720; x_wconf 67' lang='lat' dir='ltr'><em>austri</em></span> <span class='ocrx_word' id='word_1_92' title='bbox 1985 1679 2002 1717; x_wconf 92' lang='lat'><strong>.·</strong></span> <span class='ocrx_word' id='word_1_93' title='bbox 2068 1660 2124 1718; x_wconf 92' lang='lat' dir='ltr'><strong>et</strong></span> <span class='ocrx_word' id='word_1_94' title='bbox 2184 1675 2459 1738; x_wconf 60' lang='lat' dir='ltr'><em>eye-essue</em></span> <span class='ocrx_word' id='word_1_95' title='bbox 2512 1658 2599 1716; x_wconf 70' lang='lat' dir='ltr'><strong>est</strong></span> <span class='ocrx_word' id='word_1_96' title='bbox 2642 1653 2817 1715; x_wconf 75' lang='lat' dir='ltr'><em>Isaac</em></span> 
     </span>
     <span class='ocr_line' id='line_1_13' title="bbox 587 1755 2817 1846; baseline -0 -26"><span class='ocrx_word' id='word_1_97' title='bbox 587 1762 863 1821; x_wconf 75' lang='lat' dir='ltr'><strong>eaeerceri</strong></span> <span class='ocrx_word' id='word_1_98' title='bbox 900 1763 964 1822; x_wconf 83' lang='lat' dir='ltr'><strong>in</strong></span> <span class='ocrx_word' id='word_1_99' title='bbox 995 1781 1201 1844; x_wconf 77' lang='lat' dir='ltr'><em>campo</em></span> <span class='ocrx_word' id='word_1_100' title='bbox 1227 1762 1308 1825; x_wconf 87' lang='lat' dir='ltr'><strong>ad</strong></span> <span class='ocrx_word' id='word_1_101' title='bbox 1339 1783 1667 1846; x_wconf 67' lang='lat' dir='ltr'><em>uesperam.</em></span> <span class='ocrx_word' id='word_1_102' title='bbox 1714 1761 1888 1824; x_wconf 79' lang='lat' dir='ltr'><strong>terra</strong></span> <span class='ocrx_word' id='word_1_103' title='bbox 1918 1758 2120 1824; x_wconf 78' lang='lat' dir='ltr'><strong>aust-ri</strong></span> <span class='ocrx_word' id='word_1_104' title='bbox 2136 1756 2444 1823; x_wconf 78' lang='lat' dir='ltr'><strong>Geraram</strong></span> <span class='ocrx_word' id='word_1_105' title='bbox 2476 1755 2817 1840; x_wconf 82' lang='lat' dir='ltr'><strong>Significat,</strong></span> 
     </span>
     <span class='ocr_line' id='line_1_14' title="bbox 589 1859 2818 1954; baseline 0.001 -31"><span class='ocrx_word' id='word_1_106' title='bbox 589 1859 754 1925; x_wconf 86' lang='lat' dir='ltr'><strong>unde</strong></span> <span class='ocrx_word' id='word_1_107' title='bbox 814 1881 852 1926; x_wconf 86' lang='lat' dir='ltr'>a</span> <span class='ocrx_word' id='word_1_108' title='bbox 911 1864 1091 1946; x_wconf 87' lang='lat' dir='ltr'><strong>patre</strong></span> <span class='ocrx_word' id='word_1_109' title='bbox 1158 1863 1238 1928; x_wconf 86' lang='lat' dir='ltr'><strong>ad</strong></span> <span class='ocrx_word' id='word_1_110' title='bbox 1301 1864 1761 1930; x_wconf 85' lang='lat' dir='ltr'><strong>immolandum</strong></span> <span class='ocrx_word' id='word_1_111' title='bbox 1828 1862 2142 1954; x_wconf 56' lang='lat' dir='ltr'><strong>quondan}</strong></span> <span class='ocrx_word' id='word_1_112' title='bbox 2213 1862 2422 1926; x_wconf 83' lang='lat' dir='ltr'><strong>fuerat</strong></span> <span class='ocrx_word' id='word_1_113' title='bbox 2488 1859 2818 1926; x_wconf 79' lang='lat' dir='ltr'><strong>abductus,</strong></span> 
     </span>
     <span class='ocr_line' id='line_1_15' title="bbox 589 1962 2818 2052; baseline -0.001 -24"><span class='ocrx_word' id='word_1_114' title='bbox 589 1964 758 2047; x_wconf 82' lang='lat' dir='ltr'><strong>quod</strong></span> <span class='ocrx_word' id='word_1_115' title='bbox 803 1967 1016 2032; x_wconf 76' lang='lat' dir='ltr'><strong>autem</strong></span> <span class='ocrx_word' id='word_1_116' title='bbox 1057 1967 1150 2033; x_wconf 77' lang='lat' dir='ltr'><strong>ait</strong></span> <span class='ocrx_word' id='word_1_117' title='bbox 1189 1974 1246 2032; x_wconf 84' lang='lat' dir='ltr'><strong>et</strong></span> <span class='ocrx_word' id='word_1_118' title='bbox 1285 1990 1558 2052; x_wconf 59' lang='lat' dir='ltr'><strong>cyreneus</strong></span> <span class='ocrx_word' id='word_1_119' title='bbox 1604 1974 1691 2032; x_wconf 71' lang='lat' dir='ltr'><strong>est</strong></span> <span class='ocrx_word' id='word_1_120' title='bbox 1704 2017 1720 2046; x_wconf 90' lang='lat'>,</span> <span class='ocrx_word' id='word_1_121' title='bbox 1764 1973 1833 2032; x_wconf 84' lang='lat' dir='ltr'><strong>ut</strong></span> <span class='ocrx_word' id='word_1_122' title='bbox 1872 1972 2255 2031; x_wconf 76' lang='lat' dir='ltr'><em>exerceretur</em></span> <span class='ocrx_word' id='word_1_123' title='bbox 2284 1969 2347 2028; x_wconf 78' lang='lat' dir='ltr'><strong>in</strong></span> <span class='ocrx_word' id='word_1_124' title='bbox 2382 1986 2603 2049; x_wconf 79' lang='lat' dir='ltr'><strong>campo,</strong></span> <span class='ocrx_word' id='word_1_125' title='bbox 2649 1962 2818 2047; x_wconf 83' lang='lat' dir='ltr'><strong>quod</strong></span> 
     </span>
     <span class='ocr_line' id='line_1_16' title="bbox 591 2065 2928 2158; baseline 0.001 -26"><span class='ocrx_word' id='word_1_126' title='bbox 591 2085 815 2150; x_wconf 78' lang='lat' dir='ltr'>graece</span> <span class='ocrx_word' id='word_1_127' title='bbox 881 2068 1108 2136; x_wconf 71' lang='lat' dir='ltr'><strong>dicitur</strong></span> <span class='ocrx_word' id='word_1_128' title='bbox 1171 2065 1603 2158; x_wconf 76' lang='grc' dir='ltr'><em>ἅδολεσχῆσαι</em></span> <span class='ocrx_word' id='word_1_129' title='bbox 1618 2122 1634 2152; x_wconf 87' lang='grc'>,</span> <span class='ocrx_word' id='word_1_130' title='bbox 1710 2071 1777 2136; x_wconf 87' lang='lat' dir='ltr'><strong>in</strong></span> <span class='ocrx_word' id='word_1_131' title='bbox 1836 2071 2107 2135; x_wconf 81' lang='lat' dir='ltr'><strong>hebraeo</strong></span> <span class='ocrx_word' id='word_1_132' title='bbox 2162 2068 2396 2154; x_wconf 71' lang='lat' dir='ltr'><strong>legitur</strong></span> <span class='ocrx_word' id='word_1_133' title='bbox 2442 2074 2499 2132; x_wconf 86' lang='lat' dir='ltr'><strong>et</strong></span> <span class='ocrx_word' id='word_1_134' title='bbox 2542 2089 2819 2152; x_wconf 68' lang='lat' dir='ltr'><strong>eqressus</strong></span> <span class='ocrx_word' id='word_1_135' title='bbox 2856 2079 2928 2134; x_wconf 90' lang='lat'><strong>15</strong></span> 
     </span>
     <span class='ocr_line' id='line_1_17' title="bbox 589 2170 2819 2260; baseline 0 -26"><span class='ocrx_word' id='word_1_136' title='bbox 589 2177 676 2234; x_wconf 72' lang='lat' dir='ltr'><strong>eet</strong></span> <span class='ocrx_word' id='word_1_137' title='bbox 707 2173 880 2236; x_wconf 72' lang='lat' dir='ltr'><em>Isaac</em></span> <span class='ocrx_word' id='word_1_138' title='bbox 894 2223 911 2252; x_wconf 89' lang='lat'>‚</span> <span class='ocrx_word' id='word_1_139' title='bbox 959 2179 1027 2238; x_wconf 79' lang='lat' dir='ltr'><strong>ut</strong></span> <span class='ocrx_word' id='word_1_140' title='bbox 1071 2177 1415 2258; x_wconf 80' lang='lat' dir='ltr'><em>loqueretur</em></span> <span class='ocrx_word' id='word_1_141' title='bbox 1455 2181 1522 2239; x_wconf 77' lang='lat' dir='ltr'><strong>in</strong></span> <span class='ocrx_word' id='word_1_142' title='bbox 1565 2197 1713 2260; x_wconf 67' lang='grc' dir='ltr'><em>αρν-ο</em></span> <span class='ocrx_word' id='word_1_143' title='bbox 1746 2176 2075 2239; x_wconf 79' lang='lat' dir='ltr'><em>declinante</em></span> <span class='ocrx_word' id='word_1_144' title='bbox 2114 2178 2239 2237; x_wconf 87' lang='lat' dir='ltr'><strong>iam</strong></span> <span class='ocrx_word' id='word_1_145' title='bbox 2270 2193 2538 2256; x_wconf 62' lang='lat' dir='ltr'><em>uespera.</em></span> <span class='ocrx_word' id='word_1_146' title='bbox 2617 2170 2819 2256; x_wconf 83' lang='lat' dir='ltr'><strong>signi-</strong></span> 
     </span>
     <span class='ocr_line' id='line_1_18' title="bbox 591 2274 2820 2364; baseline -0 -24"><span class='ocrx_word' id='word_1_147' title='bbox 591 2275 744 2342; x_wconf 84' lang='lat' dir='ltr'><strong>ficat</strong></span> <span class='ocrx_word' id='word_1_148' title='bbox 785 2279 999 2343; x_wconf 85' lang='lat' dir='ltr'><strong>autem</strong></span> <span class='ocrx_word' id='word_1_149' title='bbox 1043 2281 1386 2345; x_wconf 78' lang='lat' dir='ltr'><strong>secundum</strong></span> <span class='ocrx_word' id='word_1_150' title='bbox 1429 2279 1591 2344; x_wconf 84' lang='lat' dir='ltr'><strong>illud</strong></span> <span class='ocrx_word' id='word_1_151' title='bbox 1608 2329 1623 2358; x_wconf 95' lang='lat'>,</span> <span class='ocrx_word' id='word_1_152' title='bbox 1694 2276 1860 2364; x_wconf 83' lang='lat' dir='ltr'><strong>quod</strong></span> <span class='ocrx_word' id='word_1_153' title='bbox 1906 2279 2195 2344; x_wconf 82' lang='lat' dir='ltr'><strong>dominns</strong></span> <span class='ocrx_word' id='word_1_154' title='bbox 2254 2275 2423 2342; x_wconf 80' lang='lat' dir='ltr'><strong>solus</strong></span> <span class='ocrx_word' id='word_1_155' title='bbox 2469 2274 2693 2340; x_wconf 80' lang='lat' dir='ltr'><strong>orabat</strong></span> <span class='ocrx_word' id='word_1_156' title='bbox 2748 2274 2820 2338; x_wconf 90' lang='lat' dir='ltr'><strong>in</strong></span> 
     </span>
     <span class='ocr_line' id='line_1_19' title="bbox 591 2379 2819 2468; baseline -0 -24"><span class='ocrx_word' id='word_1_157' title='bbox 591 2381 806 2446; x_wconf 87' lang='lat' dir='ltr'><strong>monte</strong></span> <span class='ocrx_word' id='word_1_158' title='bbox 825 2430 840 2458; x_wconf 96' lang='lat'>,</span> <span class='ocrx_word' id='word_1_159' title='bbox 887 2381 1082 2448; x_wconf 85' lang='lat' dir='ltr'><strong>etiam</strong></span> <span class='ocrx_word' id='word_1_160' title='bbox 1127 2385 1338 2463; x_wconf 80' lang='lat' dir='ltr'>Isaac,</span> <span class='ocrx_word' id='word_1_161' title='bbox 1385 2384 1494 2468; x_wconf 88' lang='lat' dir='ltr'><strong>qui</strong></span> <span class='ocrx_word' id='word_1_162' title='bbox 1533 2384 1601 2448; x_wconf 88' lang='lat' dir='ltr'><strong>in</strong></span> <span class='ocrx_word' id='word_1_163' title='bbox 1644 2387 1796 2468; x_wconf 80' lang='lat' dir='ltr'><strong>typo</strong></span> <span class='ocrx_word' id='word_1_164' title='bbox 1846 2382 2084 2448; x_wconf 86' lang='lat' dir='ltr'><strong>domini</strong></span> <span class='ocrx_word' id='word_1_165' title='bbox 2131 2381 2284 2459; x_wconf 88' lang='lat' dir='ltr'><strong>fuit,</strong></span> <span class='ocrx_word' id='word_1_166' title='bbox 2344 2381 2425 2445; x_wconf 82' lang='lat' dir='ltr'><strong>ad</strong></span> <span class='ocrx_word' id='word_1_167' title='bbox 2468 2379 2819 2445; x_wconf 83' lang='lat' dir='ltr'><strong>orationem</strong></span> 
     </span>
     <span class='ocr_line' id='line_1_20' title="bbox 594 2484 2821 2573; baseline -0 -24"><span class='ocrx_word' id='word_1_168' title='bbox 594 2484 774 2568; x_wconf 83' lang='lat' dir='ltr'><strong>quasi</strong></span> <span class='ocrx_word' id='word_1_169' title='bbox 829 2485 1039 2553; x_wconf 85' lang='lat' dir='ltr'><strong>uirum</strong></span> <span class='ocrx_word' id='word_1_170' title='bbox 1090 2488 1329 2554; x_wconf 82' lang='lat' dir='ltr'><strong>iustum</strong></span> <span class='ocrx_word' id='word_1_171' title='bbox 1387 2487 1570 2555; x_wconf 83' lang='lat' dir='ltr'><strong>domo</strong></span> <span class='ocrx_word' id='word_1_172' title='bbox 1635 2508 1959 2573; x_wconf 83' lang='lat' dir='ltr'><strong>egressum</strong></span> <span class='ocrx_word' id='word_1_173' title='bbox 2004 2488 2069 2553; x_wconf 88' lang='lat' dir='ltr'><strong>et</strong></span> <span class='ocrx_word' id='word_1_174' title='bbox 2120 2485 2225 2551; x_wconf 92' lang='lat' dir='ltr'><strong>uel</strong></span> <span class='ocrx_word' id='word_1_175' title='bbox 2282 2504 2448 2553; x_wconf 85' lang='lat' dir='ltr'><strong>nona</strong></span> <span class='ocrx_word' id='word_1_176' title='bbox 2500 2487 2655 2551; x_wconf 86' lang='lat' dir='ltr'>hora</span> <span class='ocrx_word' id='word_1_177' title='bbox 2712 2484 2821 2549; x_wconf 88' lang='lat' dir='ltr'><strong>uel</strong></span> 
     </span>
     <span class='ocr_line' id='line_1_21' title="bbox 595 2589 2929 2676; baseline 0.002 -23"><span class='ocrx_word' id='word_1_178' title='bbox 595 2589 740 2653; x_wconf 86' lang='lat' dir='ltr'><strong>ante</strong></span> <span class='ocrx_word' id='word_1_179' title='bbox 785 2590 934 2655; x_wconf 76' lang='lat' dir='ltr'><strong>solis</strong></span> <span class='ocrx_word' id='word_1_180' title='bbox 976 2610 1271 2659; x_wconf 81' lang='lat' dir='ltr'><strong>occasum</strong></span> <span class='ocrx_word' id='word_1_181' title='bbox 1319 2592 1679 2676; x_wconf 71' lang='lat' dir='ltr'><strong>spirituales</strong></span> <span class='ocrx_word' id='word_1_182' title='bbox 1725 2593 1839 2658; x_wconf 88' lang='lat' dir='ltr'><strong>deo</strong></span> <span class='ocrx_word' id='word_1_183' title='bbox 1883 2591 2174 2657; x_wconf 82' lang='lat' dir='ltr'><strong>uictimas</strong></span> <span class='ocrx_word' id='word_1_184' title='bbox 2223 2589 2541 2673; x_wconf 72' lang='lat' dir='ltr'><strong>optulisse.</strong></span> <span class='ocrx_word' id='word_1_185' title='bbox 2850 2604 2929 2657; x_wconf 84' lang='lat'><strong>20</strong></span> 
     </span>
    </p>

    <p class='ocr_par' dir='ltr' id='par_1_5' title="bbox 593 2692 2820 2983">
     <span class='ocr_line' id='line_1_22' title="bbox 770 2692 2820 2782; baseline 0 -25"><span class='ocrx_word' id='word_1_186' title='bbox 770 2696 852 2757; x_wconf 86' lang='lat' dir='ltr'><strong>Et</strong></span> <span class='ocrx_word' id='word_1_187' title='bbox 907 2698 1048 2759; x_wconf 78' lang='lat' dir='ltr'><em>tulit</em></span> <span class='ocrx_word' id='word_1_188' title='bbox 1099 2700 1451 2762; x_wconf 67' lang='lat' dir='ltr'><strong>theristrum</strong></span> <span class='ocrx_word' id='word_1_189' title='bbox 1515 2702 1572 2761; x_wconf 87' lang='lat' dir='ltr'><strong>et</strong></span> <span class='ocrx_word' id='word_1_190' title='bbox 1630 2701 1867 2782; x_wconf 77' lang='lat' dir='ltr'><em>operuit</em></span> <span class='ocrx_word' id='word_1_191' title='bbox 1926 2718 2005 2760; x_wconf 76' lang='lat' dir='ltr'><strong>se.</strong></span> <span class='ocrx_word' id='word_1_192' title='bbox 2123 2694 2496 2761; x_wconf 76' lang='lat' dir='ltr'><strong>theristrum</strong></span> <span class='ocrx_word' id='word_1_193' title='bbox 2549 2692 2820 2776; x_wconf 84' lang='lat' dir='ltr'><strong>pallium</strong></span> 
     </span>
     <span class='ocr_line' id='line_1_23' title="bbox 593 2794 2819 2881; baseline 0.001 -22"><span class='ocrx_word' id='word_1_194' title='bbox 593 2794 822 2861; x_wconf 87' lang='lat' dir='ltr'><strong>dicitur</strong></span> <span class='ocrx_word' id='word_1_195' title='bbox 837 2845 852 2874; x_wconf 95' lang='lat'>,</span> <span class='ocrx_word' id='word_1_196' title='bbox 904 2816 1102 2881; x_wconf 81' lang='lat' dir='ltr'><strong>genus</strong></span> <span class='ocrx_word' id='word_1_197' title='bbox 1151 2801 1342 2865; x_wconf 80' lang='lat' dir='ltr'><strong>etiam</strong></span> <span class='ocrx_word' id='word_1_198' title='bbox 1395 2819 1563 2866; x_wconf 88' lang='lat' dir='ltr'><strong>nunc</strong></span> <span class='ocrx_word' id='word_1_199' title='bbox 1620 2800 1856 2865; x_wconf 85' lang='lat' dir='ltr'><strong>arabici</strong></span> <span class='ocrx_word' id='word_1_200' title='bbox 1898 2798 2260 2865; x_wconf 73' lang='lat' dir='ltr'><strong>ucsffimenti</strong></span> <span class='ocrx_word' id='word_1_201' title='bbox 2277 2847 2292 2876; x_wconf 89' lang='lat'>,</span> <span class='ocrx_word' id='word_1_202' title='bbox 2357 2816 2477 2881; x_wconf 87' lang='lat' dir='ltr'><strong>quo</strong></span> <span class='ocrx_word' id='word_1_203' title='bbox 2521 2796 2819 2862; x_wconf 84' lang='lat' dir='ltr'><strong>mulieres</strong></span> 
     </span>
     <span class='ocr_line' id='line_1_24' title="bbox 593 2900 1526 2983; baseline 0.004 -20"><span class='ocrx_word' id='word_1_204' title='bbox 593 2900 952 2983; x_wconf 82' lang='lat' dir='ltr'><strong>prouinciae</strong></span> <span class='ocrx_word' id='word_1_205' title='bbox 996 2902 1170 2969; x_wconf 82' lang='lat' dir='ltr'><strong>illius</strong></span> <span class='ocrx_word' id='word_1_206' title='bbox 1214 2904 1526 2969; x_wconf 82' lang='lat' dir='ltr'><strong>uelantur.</strong></span> 
     </span>
    </p>

    <p class='ocr_par' dir='ltr' id='par_1_6' title="bbox 593 3008 2939 3816">
     <span class='ocr_line' id='line_1_25' title="bbox 769 3008 2823 3093; baseline 0 -24"><span class='ocrx_word' id='word_1_207' title='bbox 769 3008 852 3069; x_wconf 78' lang='lat' dir='ltr'><strong>Et</strong></span> <span class='ocrx_word' id='word_1_208' title='bbox 909 3008 1126 3071; x_wconf 78' lang='lat' dir='ltr'><em>adiecit</em></span> <span class='ocrx_word' id='word_1_209' title='bbox 1177 3008 1488 3079; x_wconf 78' lang='lat' dir='ltr'><strong>Abraham</strong></span> <span class='ocrx_word' id='word_1_210' title='bbox 1549 3014 1606 3072; x_wconf 88' lang='lat' dir='ltr'><strong>et</strong></span> <span class='ocrx_word' id='word_1_211' title='bbox 1670 3012 1893 3093; x_wconf 78' lang='lat' dir='ltr'><strong>accepit</strong></span> <span class='ocrx_word' id='word_1_212' title='bbox 1951 3029 2203 3071; x_wconf 76' lang='lat' dir='ltr'><em>uxorem</em></span> <span class='ocrx_word' id='word_1_213' title='bbox 2223 3056 2239 3083; x_wconf 92' lang='lat'>‚</span> <span class='ocrx_word' id='word_1_214' title='bbox 2310 3012 2368 3070; x_wconf 86' lang='lat' dir='ltr'><strong>et</strong></span> <span class='ocrx_word' id='word_1_215' title='bbox 2422 3028 2629 3071; x_wconf 82' lang='lat' dir='ltr'><strong>nomen</strong></span> <span class='ocrx_word' id='word_1_216' title='bbox 2686 3011 2823 3070; x_wconf 74' lang='lat' dir='ltr'><em>eius</em></span> 
     </span>
     <span class='ocr_line' id='line_1_26' title="bbox 595 3107 2933 3195; baseline 0.003 -25"><span class='ocrx_word' id='word_1_217' title='bbox 595 3107 844 3171; x_wconf 81' lang='lat' dir='ltr'><em>Getura:</em></span> <span class='ocrx_word' id='word_1_218' title='bbox 905 3115 963 3173; x_wconf 90' lang='lat' dir='ltr'><strong>et</strong></span> <span class='ocrx_word' id='word_1_219' title='bbox 1010 3116 1249 3195; x_wconf 68' lang='lat' dir='ltr'><em>peperit</em></span> <span class='ocrx_word' id='word_1_220' title='bbox 1309 3116 1371 3175; x_wconf 88' lang='lat' dir='ltr'><strong>ei</strong></span> <span class='ocrx_word' id='word_1_221' title='bbox 1410 3113 1697 3175; x_wconf 83' lang='lat' dir='ltr'><em>Zamram</em></span> <span class='ocrx_word' id='word_1_222' title='bbox 1741 3116 1797 3175; x_wconf 87' lang='lat' dir='ltr'><strong>et</strong></span> <span class='ocrx_word' id='word_1_223' title='bbox 1838 3112 2045 3175; x_wconf 75' lang='lat' dir='ltr'><em>Ieesan</em></span> <span class='ocrx_word' id='word_1_224' title='bbox 2087 3115 2144 3173; x_wconf 88' lang='lat' dir='ltr'><strong>et</strong></span> <span class='ocrx_word' id='word_1_225' title='bbox 2187 3111 2417 3175; x_wconf 72' lang='lat' dir='ltr'><em>Madau</em></span> <span class='ocrx_word' id='word_1_226' title='bbox 2458 3114 2516 3173; x_wconf 91' lang='lat' dir='ltr'><strong>et</strong></span> <span class='ocrx_word' id='word_1_227' title='bbox 2560 3110 2818 3173; x_wconf 79' lang='lat' dir='ltr'><em>Madian</em></span> <span class='ocrx_word' id='word_1_228' title='bbox 2854 3123 2933 3180; x_wconf 82' lang='lat'><strong>25</strong></span> 
     </span>
     <span class='ocr_line' id='line_1_27' title="bbox 593 3214 2828 3300; baseline 0.001 -25"><span class='ocrx_word' id='word_1_229' title='bbox 593 3217 651 3275; x_wconf 85' lang='lat' dir='ltr'><strong>et</strong></span> <span class='ocrx_word' id='word_1_230' title='bbox 697 3214 896 3276; x_wconf 66' lang='lat' dir='ltr'><strong><em>ksboo</em></strong></span> <span class='ocrx_word' id='word_1_231' title='bbox 943 3219 1001 3277; x_wconf 92' lang='lat' dir='ltr'><strong>et</strong></span> <span class='ocrx_word' id='word_1_232' title='bbox 1047 3215 1181 3280; x_wconf 86' lang='lat' dir='ltr'><em>Sue.</em></span> <span class='ocrx_word' id='word_1_233' title='bbox 1287 3221 1343 3279; x_wconf 88' lang='lat' dir='ltr'><strong>et</strong></span> <span class='ocrx_word' id='word_1_234' title='bbox 1393 3218 1597 3281; x_wconf 73' lang='lat' dir='ltr'><em>Ieesan</em></span> <span class='ocrx_word' id='word_1_235' title='bbox 1651 3220 1862 3300; x_wconf 71' lang='lat' dir='ltr'><em>yenuit</em></span> <span class='ocrx_word' id='word_1_236' title='bbox 1918 3216 2075 3279; x_wconf 90' lang='lat' dir='ltr'><strong>Saba</strong></span> <span class='ocrx_word' id='word_1_237' title='bbox 2132 3218 2189 3278; x_wconf 87' lang='lat' dir='ltr'><strong>et</strong></span> <span class='ocrx_word' id='word_1_238' title='bbox 2244 3215 2480 3277; x_wconf 78' lang='lat' dir='ltr'><em>Dadan.</em></span> <span class='ocrx_word' id='word_1_239' title='bbox 2586 3218 2645 3276; x_wconf 85' lang='lat' dir='ltr'><strong>et</strong></span> <span class='ocrx_word' id='word_1_240' title='bbox 2681 3214 2828 3295; x_wconf 81' lang='lat' dir='ltr'><em>filii</em></span> 
     </span>
     <span class='ocr_line' id='line_1_28' title="bbox 594 3314 2822 3397; baseline 0.001 -20"><span class='ocrx_word' id='word_1_241' title='bbox 594 3314 820 3379; x_wconf 78' lang='lat' dir='ltr'><em>Dadan</em></span> <span class='ocrx_word' id='word_1_242' title='bbox 845 3317 1110 3397; x_wconf 79' lang='lat' dir='ltr'><strong>fuerunt</strong></span> <span class='ocrx_word' id='word_1_243' title='bbox 1135 3319 1392 3384; x_wconf 74' lang='lat' dir='ltr'><em>Asurim</em></span> <span class='ocrx_word' id='word_1_244' title='bbox 1429 3326 1486 3384; x_wconf 88' lang='lat' dir='ltr'><strong>et</strong></span> <span class='ocrx_word' id='word_1_245' title='bbox 1524 3321 1807 3384; x_wconf 71' lang='lat' dir='ltr'><em>Latusim</em></span> <span class='ocrx_word' id='word_1_246' title='bbox 1850 3325 1907 3383; x_wconf 89' lang='lat' dir='ltr'><strong>et</strong></span> <span class='ocrx_word' id='word_1_247' title='bbox 1934 3320 2231 3383; x_wconf 86' lang='lat' dir='ltr'><em>Laomim.</em></span> <span class='ocrx_word' id='word_1_248' title='bbox 2317 3322 2371 3381; x_wconf 83' lang='lat' dir='ltr'><strong>et</strong></span> <span class='ocrx_word' id='word_1_249' title='bbox 2406 3318 2536 3397; x_wconf 79' lang='lat' dir='ltr'><em>filii</em></span> <span class='ocrx_word' id='word_1_250' title='bbox 2562 3318 2822 3381; x_wconf 80' lang='lat' dir='ltr'><em>Madian</em></span> 
     </span>
     <span class='ocr_line' id='line_1_29' title="bbox 597 3418 2828 3503; baseline 0.002 -23"><span class='ocrx_word' id='word_1_251' title='bbox 597 3418 793 3499; x_wconf 77' lang='lat' dir='ltr'><em>Gefar</em></span> <span class='ocrx_word' id='word_1_252' title='bbox 820 3425 877 3484; x_wconf 88' lang='lat' dir='ltr'><strong>et</strong></span> <span class='ocrx_word' id='word_1_253' title='bbox 903 3421 1064 3503; x_wconf 80' lang='lat' dir='ltr'><em>Afer</em></span> <span class='ocrx_word' id='word_1_254' title='bbox 1106 3428 1163 3487; x_wconf 84' lang='lat' dir='ltr'><strong>et</strong></span> <span class='ocrx_word' id='word_1_255' title='bbox 1185 3424 1344 3489; x_wconf 87' lang='lat' dir='ltr'><strong>Saba</strong></span> <span class='ocrx_word' id='word_1_256' title='bbox 1383 3429 1441 3487; x_wconf 88' lang='lat' dir='ltr'><strong>et</strong></span> <span class='ocrx_word' id='word_1_257' title='bbox 1477 3426 1685 3488; x_wconf 76' lang='lat' dir='ltr'><strong>Enoch</strong></span> <span class='ocrx_word' id='word_1_258' title='bbox 1726 3429 1783 3487; x_wconf 86' lang='lat' dir='ltr'><strong>et</strong></span> <span class='ocrx_word' id='word_1_259' title='bbox 1830 3422 2033 3487; x_wconf 84' lang='lat' dir='ltr'><em>Abida</em></span> <span class='ocrx_word' id='word_1_260' title='bbox 2078 3428 2134 3486; x_wconf 85' lang='lat' dir='ltr'><strong>et</strong></span> <span class='ocrx_word' id='word_1_261' title='bbox 2181 3421 2427 3485; x_wconf 83' lang='lat' dir='ltr'><em>Aledea.</em></span> <span class='ocrx_word' id='word_1_262' title='bbox 2517 3442 2715 3484; x_wconf 76' lang='lat' dir='ltr'><em>omnes</em></span> <span class='ocrx_word' id='word_1_263' title='bbox 2751 3424 2828 3485; x_wconf 77' lang='lat' dir='ltr'><strong>Izi</strong></span> 
     </span>
     <span class='ocr_line' id='line_1_30' title="bbox 596 3521 2820 3609; baseline 0 -23"><span class='ocrx_word' id='word_1_264' title='bbox 596 3521 722 3586; x_wconf 70' lang='lat' dir='ltr'><strong>filia·</strong></span> <span class='ocrx_word' id='word_1_265' title='bbox 761 3524 1027 3591; x_wconf 82' lang='lat' dir='ltr'><em>Ceturae.</em></span> <span class='ocrx_word' id='word_1_266' title='bbox 1112 3533 1169 3591; x_wconf 90' lang='lat' dir='ltr'><strong>et</strong></span> <span class='ocrx_word' id='word_1_267' title='bbox 1213 3528 1374 3591; x_wconf 87' lang='lat' dir='ltr'><em>dedit</em></span> <span class='ocrx_word' id='word_1_268' title='bbox 1416 3526 1731 3591; x_wconf 78' lang='lat' dir='ltr'><strong>Abraham</strong></span> <span class='ocrx_word' id='word_1_269' title='bbox 1786 3531 2075 3591; x_wconf 75' lang='lat' dir='ltr'><strong>uniuersa</strong></span> <span class='ocrx_word' id='word_1_270' title='bbox 2089 3576 2106 3605; x_wconf 88' lang='lat'>,</span> <span class='ocrx_word' id='word_1_271' title='bbox 2150 3546 2299 3609; x_wconf 80' lang='lat' dir='ltr'><em>quae</em></span> <span class='ocrx_word' id='word_1_272' title='bbox 2340 3528 2549 3589; x_wconf 76' lang='lat' dir='ltr'><em>habuit</em></span> <span class='ocrx_word' id='word_1_273' title='bbox 2564 3574 2581 3602; x_wconf 88' lang='lat'>,</span> <span class='ocrx_word' id='word_1_274' title='bbox 2624 3526 2820 3603; x_wconf 74' lang='lat' dir='ltr'><strong>Isaac,</strong></span> 
     </span>
     <span class='ocr_line' id='line_1_31' title="bbox 594 3624 2939 3714; baseline 0 -23"><span class='ocrx_word' id='word_1_275' title='bbox 594 3624 744 3691; x_wconf 73' lang='lat' dir='ltr'><em>tiliis</em></span> <span class='ocrx_word' id='word_1_276' title='bbox 779 3634 978 3692; x_wconf 82' lang='lat' dir='ltr'><em>autem</em></span> <span class='ocrx_word' id='word_1_277' title='bbox 1021 3634 1479 3695; x_wconf 82' lang='lat' dir='ltr'><strong>concubinarum</strong></span> <span class='ocrx_word' id='word_1_278' title='bbox 1497 3679 1514 3709; x_wconf 87' lang='lat'>‚</span> <span class='ocrx_word' id='word_1_279' title='bbox 1567 3652 1716 3714; x_wconf 71' lang='lat' dir='ltr'><em>quas</em></span> <span class='ocrx_word' id='word_1_280' title='bbox 1763 3633 2000 3708; x_wconf 77' lang='lat' dir='ltr'><strong>habuit,</strong></span> <span class='ocrx_word' id='word_1_281' title='bbox 2045 3630 2208 3693; x_wconf 88' lang='lat' dir='ltr'><em>dedit</em></span> <span class='ocrx_word' id='word_1_282' title='bbox 2249 3650 2499 3692; x_wconf 81' lang='lat' dir='ltr'><em>munera</em></span> <span class='ocrx_word' id='word_1_283' title='bbox 2541 3634 2598 3692; x_wconf 87' lang='lat' dir='ltr'><strong>et</strong></span> <span class='ocrx_word' id='word_1_284' title='bbox 2639 3630 2819 3692; x_wconf 87' lang='lat' dir='ltr'><em>dimi·</em></span> <span class='ocrx_word' id='word_1_285' title='bbox 2858 3650 2939 3705; x_wconf 89' lang='lat'><strong>30</strong></span> 
     </span>
     <span class='ocr_line' id='line_1_32' title="bbox 594 3733 2825 3816; baseline 0.001 -24"><span class='ocrx_word' id='word_1_286' title='bbox 594 3733 676 3794; x_wconf 74' lang='lat' dir='ltr'><strong>sit</strong></span> <span class='ocrx_word' id='word_1_287' title='bbox 719 3752 817 3794; x_wconf 76' lang='lat' dir='ltr'><strong>eos</strong></span> <span class='ocrx_word' id='word_1_288' title='bbox 861 3736 933 3797; x_wconf 91' lang='lat' dir='ltr'><strong>ab</strong></span> <span class='ocrx_word' id='word_1_289' title='bbox 978 3736 1152 3798; x_wconf 74' lang='lat' dir='ltr'><em>Isaac</em></span> <span class='ocrx_word' id='word_1_290' title='bbox 1188 3735 1334 3816; x_wconf 77' lang='lat' dir='ltr'><em>filio</em></span> <span class='ocrx_word' id='word_1_291' title='bbox 1377 3756 1516 3812; x_wconf 72' lang='lat' dir='ltr'>suo,</span> <span class='ocrx_word' id='word_1_292' title='bbox 1579 3757 1715 3799; x_wconf 81' lang='lat' dir='ltr'><strong>cum</strong></span> <span class='ocrx_word' id='word_1_293' title='bbox 1770 3735 1965 3798; x_wconf 77' lang='lat' dir='ltr'><em>adhuc</em></span> <span class='ocrx_word' id='word_1_294' title='bbox 2008 3738 2247 3798; x_wconf 80' lang='lat' dir='ltr'><em>uiueret</em></span> <span class='ocrx_word' id='word_1_295' title='bbox 2304 3738 2369 3796; x_wconf 80' lang='lat' dir='ltr'><strong>in</strong></span> <span class='ocrx_word' id='word_1_296' title='bbox 2426 3737 2678 3810; x_wconf 82' lang='lat' dir='ltr'><strong>oriente,</strong></span> <span class='ocrx_word' id='word_1_297' title='bbox 2741 3734 2825 3797; x_wconf 85' lang='lat' dir='ltr'><strong>ad</strong></span> 
     </span>
    </p>
   </div>
   <div class='ocr_carea' id='block_1_3' title="bbox 594 3908 2819 4065">
    <p class='ocr_par' dir='ltr' id='par_1_7' title="bbox 594 3908 2819 4065">
     <span class='ocr_line' id='line_1_33' title="bbox 741 3908 2819 3981; baseline 0.001 -18"><span class='ocrx_word' id='word_1_298' title='bbox 741 3909 777 3963; x_wconf 82' lang='lat'>2</span> <span class='ocrx_word' id='word_1_299' title='bbox 813 3910 917 3961; x_wconf 78' lang='lat' dir='ltr'><strong>Isai</strong></span> <span class='ocrx_word' id='word_1_300' title='bbox 954 3911 1001 3973; x_wconf 84' lang='lat'>7,</span> <span class='ocrx_word' id='word_1_301' title='bbox 1047 3910 1218 3978; x_wconf 74' lang='lat'>1415</span> <span class='ocrx_word' id='word_1_302' title='bbox 1256 3914 1365 3962; x_wconf 87' lang='lat' dir='ltr'><strong>Gen</strong></span> <span class='ocrx_word' id='word_1_303' title='bbox 1401 3912 1486 3974; x_wconf 85' lang='lat'>24,</span> <span class='ocrx_word' id='word_1_304' title='bbox 1525 3910 1597 3966; x_wconf 83' lang='lat'><strong>59</strong></span> <span class='ocrx_word' id='word_1_305' title='bbox 1641 3912 1650 3979; x_wconf 96' lang='grc' dir='ltr'>Ι</span> <span class='ocrx_word' id='word_1_306' title='bbox 1695 3913 1760 3968; x_wconf 93' lang='grc'><strong>11</strong></span> <span class='ocrx_word' id='word_1_307' title='bbox 1800 3914 1910 3964; x_wconf 81' lang='lat' dir='ltr'><strong>Gen</strong></span> <span class='ocrx_word' id='word_1_308' title='bbox 1944 3910 2031 3977; x_wconf 83' lang='lat'><strong>24,</strong></span> <span class='ocrx_word' id='word_1_309' title='bbox 2068 3911 2136 3966; x_wconf 89' lang='grc'><strong>62</strong></span> <span class='ocrx_word' id='word_1_310' title='bbox 2173 3908 2382 3978; x_wconf 83' lang='grc'>63117</span> <span class='ocrx_word' id='word_1_311' title='bbox 2420 3911 2563 3961; x_wconf 82' lang='lat' dir='ltr'><strong>Marc</strong></span> <span class='ocrx_word' id='word_1_312' title='bbox 2601 3910 2650 3974; x_wconf 89' lang='lat'><strong>6,</strong></span> <span class='ocrx_word' id='word_1_313' title='bbox 2689 3910 2761 3965; x_wconf 84' lang='lat'><strong>46</strong></span> <span class='ocrx_word' id='word_1_314' title='bbox 2808 3908 2819 3981; x_wconf 94' lang='grc' dir='ltr'>Ι</span> 
     </span>
     <span class='ocr_line' id='line_1_34' title="bbox 594 3994 2189 4065; baseline 0.004 -18"><span class='ocrx_word' id='word_1_315' title='bbox 594 3994 666 4050; x_wconf 84' lang='lat'><strong>20</strong></span> <span class='ocrx_word' id='word_1_316' title='bbox 699 3996 825 4046; x_wconf 81' lang='lat' dir='ltr'><strong>Petr</strong></span> <span class='ocrx_word' id='word_1_317' title='bbox 863 4015 898 4047; x_wconf 83' lang='grc' dir='ltr'><em>α</em></span> <span class='ocrx_word' id='word_1_318' title='bbox 934 3996 985 4059; x_wconf 89' lang='grc'><strong>2,</strong></span> <span class='ocrx_word' id='word_1_319' title='bbox 1027 3996 1062 4051; x_wconf 85' lang='grc'><strong>5</strong></span> <span class='ocrx_word' id='word_1_320' title='bbox 1092 3998 1102 4064; x_wconf 93' lang='grc' dir='ltr'>Ι</span> <span class='ocrx_word' id='word_1_321' title='bbox 1132 3998 1200 4053; x_wconf 86' lang='grc'><strong>21</strong></span> <span class='ocrx_word' id='word_1_322' title='bbox 1240 3998 1349 4049; x_wconf 85' lang='lat' dir='ltr'><strong>Gen</strong></span> <span class='ocrx_word' id='word_1_323' title='bbox 1381 3998 1467 4061; x_wconf 83' lang='lat'>24,</span> <span class='ocrx_word' id='word_1_324' title='bbox 1504 3996 1574 4052; x_wconf 84' lang='lat'><strong>65</strong></span> <span class='ocrx_word' id='word_1_325' title='bbox 1605 3996 1615 4065; x_wconf 87' lang='grc' dir='ltr'>Ι</span> <span class='ocrx_word' id='word_1_326' title='bbox 1645 3996 1716 4051; x_wconf 79' lang='lat'><strong>24</strong></span> <span class='ocrx_word' id='word_1_327' title='bbox 1754 3999 1865 4049; x_wconf 83' lang='lat' dir='ltr'><strong>Gen</strong></span> <span class='ocrx_word' id='word_1_328' title='bbox 1906 3998 1991 4060; x_wconf 84' lang='lat'>25,</span> <span class='ocrx_word' id='word_1_329' title='bbox 2031 3998 2189 4053; x_wconf 88' lang='lat'><strong>1—6</strong></span> 
     </span>
    </p>
   </div>
   <div class='ocr_carea' id='block_1_4' title="bbox 597 4140 2829 4300">
    <p class='ocr_par' dir='ltr' id='par_1_8' title="bbox 597 4140 2829 4300">
     <span class='ocr_line' id='line_1_35' title="bbox 736 4140 2827 4214; baseline -0.001 -18"><span class='ocrx_word' id='word_1_330' title='bbox 736 4143 765 4196; x_wconf 93' lang='lat'>1</span> <span class='ocrx_word' id='word_1_331' title='bbox 806 4142 898 4209; x_wconf 69' lang='lat' dir='ltr'><strong>3s4</strong></span> <span class='ocrx_word' id='word_1_332' title='bbox 933 4144 1359 4197; x_wconf 76' lang='lat' dir='ltr'><strong>adulescentulam</strong></span> <span class='ocrx_word' id='word_1_333' title='bbox 1390 4163 1435 4213; x_wconf 82' lang='grc' dir='ltr'><strong><em>φ</em></strong></span> <span class='ocrx_word' id='word_1_334' title='bbox 1466 4143 1475 4213; x_wconf 91' lang='grc' dir='ltr'>Ι</span> <span class='ocrx_word' id='word_1_335' title='bbox 1520 4144 1556 4199; x_wconf 88' lang='grc'>8</span> <span class='ocrx_word' id='word_1_336' title='bbox 1591 4145 1797 4209; x_wconf 79' lang='lat' dir='ltr'><strong>chcns</strong></span> <span class='ocrx_word' id='word_1_337' title='bbox 1835 4162 1880 4214; x_wconf 88' lang='grc' dir='ltr'>φ</span> <span class='ocrx_word' id='word_1_338' title='bbox 1910 4142 1920 4211; x_wconf 95' lang='grc' dir='ltr'>Ι</span> <span class='ocrx_word' id='word_1_339' title='bbox 1951 4144 1985 4198; x_wconf 88' lang='grc'>9</span> <span class='ocrx_word' id='word_1_340' title='bbox 2022 4142 2207 4194; x_wconf 80' lang='lat' dir='ltr'><strong>solatio</strong></span> <span class='ocrx_word' id='word_1_341' title='bbox 2249 4148 2369 4211; x_wconf 79' lang='grc' dir='ltr'><strong>βγφ</strong></span> <span class='ocrx_word' id='word_1_342' title='bbox 2399 4141 2408 4208; x_wconf 95' lang='grc' dir='ltr'>Ι</span> <span class='ocrx_word' id='word_1_343' title='bbox 2438 4141 2507 4195; x_wconf 86' lang='grc'>16</span> <span class='ocrx_word' id='word_1_344' title='bbox 2540 4140 2827 4194; x_wconf 78' lang='lat' dir='ltr'><strong>inclinante</strong></span> 
     </span>
     <span class='ocr_line' id='line_1_36' title="bbox 597 4226 2829 4300; baseline -0.001 -17"><span class='ocrx_word' id='word_1_345' title='bbox 597 4248 642 4299; x_wconf 89' lang='grc' dir='ltr'>φ</span> <span class='ocrx_word' id='word_1_346' title='bbox 674 4227 682 4295; x_wconf 94' lang='grc' dir='ltr'>Ι</span> <span class='ocrx_word' id='word_1_347' title='bbox 711 4229 782 4283; x_wconf 90' lang='grc'><strong>20</strong></span> <span class='ocrx_word' id='word_1_348' title='bbox 817 4229 1076 4293; x_wconf 70' lang='lat' dir='ltr'><strong>spiritales</strong></span> <span class='ocrx_word' id='word_1_349' title='bbox 1109 4248 1154 4299; x_wconf 89' lang='grc' dir='ltr'><strong><em>φ</em></strong></span> <span class='ocrx_word' id='word_1_350' title='bbox 1181 4228 1191 4296; x_wconf 94' lang='grc' dir='ltr'>Ι</span> <span class='ocrx_word' id='word_1_351' title='bbox 1225 4229 1295 4285; x_wconf 83' lang='lat'><strong>25</strong></span> <span class='ocrx_word' id='word_1_352' title='bbox 1331 4235 1523 4281; x_wconf 66' lang='lat' dir='ltr'><strong>cssztura</strong></span> <span class='ocrx_word' id='word_1_353' title='bbox 1558 4249 1620 4300; x_wconf 86' lang='grc' dir='ltr'><strong>φ,</strong></span> <span class='ocrx_word' id='word_1_354' title='bbox 1663 4232 1870 4281; x_wconf 77' lang='lat' dir='ltr'><strong>cethura</strong></span> <span class='ocrx_word' id='word_1_355' title='bbox 1904 4234 1999 4297; x_wconf 76' lang='grc' dir='ltr'><strong>βγε</strong></span> <span class='ocrx_word' id='word_1_356' title='bbox 2042 4233 2270 4291; x_wconf 72' lang='lat' dir='ltr'><strong>deinceps</strong></span> <span class='ocrx_word' id='word_1_357' title='bbox 2305 4232 2462 4279; x_wconf 80' lang='lat' dir='ltr'><strong>tacebo</strong></span> <span class='ocrx_word' id='word_1_358' title='bbox 2495 4227 2503 4294; x_wconf 91' lang='grc' dir='ltr'>Ι</span> <span class='ocrx_word' id='word_1_359' title='bbox 2534 4226 2607 4281; x_wconf 79' lang='grc'><strong>25</strong></span> <span class='ocrx_word' id='word_1_360' title='bbox 2642 4228 2829 4281; x_wconf 79' lang='lat' dir='ltr'><strong>iecxan</strong></span> 
     </span>
    </p>
   </div>
   <div class='ocr_carea' id='block_1_5' title="bbox 477 4311 2823 4387">
    <p class='ocr_par' dir='ltr' id='par_1_9' title="bbox 477 4311 2823 4387">
     <span class='ocr_line' id='line_1_37' title="bbox 477 4311 2823 4387; baseline -0.002 -19"><span class='ocrx_word' id='word_1_361' title='bbox 477 4335 498 4351; x_wconf 57' lang='lat'><em>1</em></span> <span class='ocrx_word' id='word_1_362' title='bbox 593 4332 638 4384; x_wconf 86' lang='grc' dir='ltr'><strong>φ</strong></span> <span class='ocrx_word' id='word_1_363' title='bbox 667 4311 679 4383; x_wconf 91' lang='grc' dir='ltr'>Ι</span> <span class='ocrx_word' id='word_1_364' title='bbox 711 4314 780 4368; x_wconf 88' lang='grc'><strong>26</strong></span> <span class='ocrx_word' id='word_1_365' title='bbox 817 4330 936 4366; x_wconf 74' lang='lat' dir='ltr'><strong>suae</strong></span> <span class='ocrx_word' id='word_1_366' title='bbox 976 4335 1020 4385; x_wconf 83' lang='grc' dir='ltr'><strong>φ</strong></span> <span class='ocrx_word' id='word_1_367' title='bbox 1054 4316 1063 4383; x_wconf 95' lang='grc' dir='ltr'>Ι</span> <span class='ocrx_word' id='word_1_368' title='bbox 1093 4316 1163 4370; x_wconf 89' lang='grc'><strong>26</strong></span> <span class='ocrx_word' id='word_1_369' title='bbox 1201 4317 1379 4369; x_wconf 79' lang='lat' dir='ltr'><strong>iecxan</strong></span> <span class='ocrx_word' id='word_1_370' title='bbox 1415 4336 1461 4387; x_wconf 78' lang='grc' dir='ltr'><em>ῳ</em></span> <span class='ocrx_word' id='word_1_371' title='bbox 1491 4316 1500 4384; x_wconf 96' lang='grc' dir='ltr'>Ι</span> <span class='ocrx_word' id='word_1_372' title='bbox 1530 4316 1598 4371; x_wconf 80' lang='grc'><strong>27</strong></span> <span class='ocrx_word' id='word_1_373' title='bbox 1633 4317 1839 4368; x_wconf 80' lang='lat' dir='ltr'><strong>latosim</strong></span> <span class='ocrx_word' id='word_1_374' title='bbox 1874 4336 1917 4387; x_wconf 88' lang='grc' dir='ltr'>φ</span> <span class='ocrx_word' id='word_1_375' title='bbox 1950 4315 1959 4385; x_wconf 96' lang='grc' dir='ltr'>Ι</span> <span class='ocrx_word' id='word_1_376' title='bbox 1990 4316 2059 4370; x_wconf 79' lang='lat'><strong>27</strong></span> <span class='ocrx_word' id='word_1_377' title='bbox 2094 4315 2288 4367; x_wconf 79' lang='lat' dir='ltr'><strong>laomin</strong></span> <span class='ocrx_word' id='word_1_378' title='bbox 2322 4320 2381 4383; x_wconf 82' lang='grc' dir='ltr'><strong>β,</strong></span> <span class='ocrx_word' id='word_1_379' title='bbox 2420 4314 2701 4366; x_wconf 83' lang='lat' dir='ltr'><strong>laommiim</strong></span> <span class='ocrx_word' id='word_1_380' title='bbox 2730 4333 2775 4385; x_wconf 77' lang='grc' dir='ltr'>φ</span> <span class='ocrx_word' id='word_1_381' title='bbox 2814 4312 2823 4385; x_wconf 86' lang='grc' dir='ltr'>Ι</span> 
     </span>
    </p>
   </div>
   <div class='ocr_carea' id='block_1_6' title="bbox 593 4400 956 4470">
    <p class='ocr_par' dir='ltr' id='par_1_10' title="bbox 593 4400 956 4470">
     <span class='ocr_line' id='line_1_38' title="bbox 593 4400 956 4470; baseline -0.011 -16"><span class='ocrx_word' id='word_1_382' title='bbox 593 4400 664 4457; x_wconf 81' lang='grc'><strong>28</strong></span> <span class='ocrx_word' id='word_1_383' title='bbox 703 4401 874 4451; x_wconf 80' lang='lat' dir='ltr'><strong>eledca</strong></span> <span class='ocrx_word' id='word_1_384' title='bbox 912 4419 956 4470; x_wconf 87' lang='grc' dir='ltr'>φ</span> 
     </span>
    </p>
   </div>
  </div>
 </body>
</html>
