3169 4941
532 449 636 504 134
1409 446 1635 503 Genesis
1666 448 1755 502 32.
1792 448 1878 504 33.

407 608 498 677 33
528 599 568 674 ὃ
613 601 980 696 ἑνάρκησεν.
1079 611 1104 649 ¹
1119 598 1503 695 ἀναβλέψας
1554 605 1629 674 δὲ
1663 602 1894 691 Ἰακὼβ
1952 609 2094 685 τοῖς
2138 602 2519 694 ὀφθαλμοῖς
2558 597 2757 672 αὐτοῦ
2800 628 2827 670 1

528 705 694 794 εἶδε,
738 709 848 778 καὶ
895 708 1038 778 ἰδοὺ
1075 704 1278 778 Ἠσαῦ
1322 709 1358 779 ὃ
1401 704 1688 800 α’δελφὸς
1726 703 1920 778 αὐτοῦ
1966 709 2333 797 ἐρχόμενος,
2378 709 2487 777 καὶ
2529 735 2761 796 τετρα-

527 812 740 882 κόσιοι
780 810 1010 902 ἄνδρες
1061 811 1198 899 μετ’
1242 815 1454 902 αὐτοῦ.
1508 813 1621 881 καὶ
1668 816 1901 882 διεῖλεν
1941 806 2167 900 Ἰακώβ
2225 815 2307 881 τὰ
2352 811 2595 881 παιδία
2640 813 2760 880 ἐπὶ

527 914 748 986 Λείαν
808 918 921 986 καὶ
967 916 1086 986 ἐπὶ
1120 915 1346 1008 Ῥαχὴλ
1405 917 1516 986 καὶ
1560 917 1680 997 τὰς
1721 914 1838 985 δύο
1892 916 2270 998 παιδίσκας.
2368 922 2394 962 ²
2411 917 2523 985 καὶ
2554 915 2759 986 ἔθετο

527 1022 645 1102 τὰς
699 1017 814 1089 δύο
857 1019 1220 1102 παιδίσκας
1270 1021 1381 1090 καὶ
1439 1020 1589 1102 τοὺς
1648 1017 1824 1102 υἱοὺς
1866 1014 2073 1090 αὐτῶν
2131 1021 2198 1090 ἐν
2249 1018 2569 1110 πρώτοις,
2645 1021 2759 1090 καὶ
2792 1043 2827 1088 5

528 1123 746 1218 ᾼείαν
800 1125 912 1194 καὶ
968 1124 1052 1192 τὰ
1093 1122 1336 1194 παιδία
1381 1119 1580 1216 αὐτῆς
1625 1118 1878 1209 ὀπίσω,
1937 1125 2051 1193 καὶ
2091 1124 2318 1216 Ῥαχὴλ
2376 1125 2489 1193 καὶ
2525 1118 2761 1214 Ἰωσὴφ

529 1225 854 1313 ἐσχάτους.
945 1227 1181 1310 δαῦτὸς
1222 1229 1296 1298 δὲ
1339 1231 1673 1319 προῆλθεν
1714 1227 2100 1319 ἔμπροσθεν
2144 1222 2376 1298 αὐτῶν·
2437 1229 2551 1296 καὶ
2597 1254 2762 1318 προ-

531 1329 878 1422 σεκύνησεν
923 1331 1043 1401 ἐπὶ
1087 1332 1202 1423 τὴν
1245 1337 1357 1423 γῆν
1401 1329 1678 1413 ἑπτάκις
1722 1331 1845 1414 ἕως
1894 1337 2009 1401 τοῦ
2062 1331 2315 1420 ἐγγίσαι
2356 1340 2451 1424 τῷ
2497 1325 2765 1422 ἀδελφῷ

531 1433 742 1506 αὐτοῦ.
839 1442 866 1480 ⁴
886 1436 1000 1505 καὶ
1044 1437 1494 1528 προσέδραμεν
1527 1430 1737 1506 Ἠσαῦ
1792 1435 1890 1519 εἷς
1933 1433 2311 1527 συνάντησιν
2370 1436 2570 1527 αὐτῷ,
2646 1438 2762 1504 καὶ

530 1541 903 1629 περιλαβών
957 1535 1158 1610 αὐτὸν
1210 1541 1632 1630 προσέπεσεν
1685 1540 1805 1610 ἐπὶ
1858 1542 1970 1610 τὸν
2028 1536 2335 1631 τράχηλον
2390 1535 2591 1610 αὐτοῦ
2645 1541 2761 1608 καὶ
2801 1558 2867 1604 10
2979 1558 2983 1562 ’

528 1641 949 1735 κατεφίλησεν
985 1638 1181 1712 αὐτόν
1199 1669 1212 1683 ·
1257 1645 1369 1714 καὶ
1407 1642 1726 1714 ἔκλαυσαν
1757 1637 2137 1735 ἀμφότεροι.
2191 1650 2218 1687 ⁵
2231 1645 2344 1714 καὶ
2374 1642 2762 1733 ἀναβλέψας

521 1744 726 1816 Ἠσαῢ
759 1741 892 1818 εἶδε
935 1750 1053 1830 τὰς
1092 1755 1394 1836 γυναῖκας
1429 1749 1541 1818 καὶ
1580 1749 1664 1816 τὰ
1709 1747 1949 1817 παιδία
1966 1803 1981 1832 ,
2050 1749 2163 1817 καὶ
2219 1742 2370 1817 εἶπε
2421 1747 2507 1817 Τί
2554 1745 2761 1817 ταῦτά

531 1873 639 1920 σοι
700 1850 918 1936 ἐστίν,
996 1850 1033 1920 ὃ
1087 1853 1160 1922 δὲ
1205 1847 1356 1924 εἶπε
1406 1852 1509 1920 Τὰ
1569 1851 1829 1936 παιδία,
1892 1843 1993 1933 οἷς
2045 1845 2309 1942 ἠλέησεν
2352 1849 2388 1920 ὃ
2433 1852 2594 1932 θεὸς
2644 1852 2761 1920 τὸν

530 1955 746 2023 παῖδά
795 1977 928 2025 σου.
1029 1954 1180 2022 6καὶ
1232 1951 1681 2045 προσήγγισαν
1739 1952 1809 2023 αἲ
1869 1954 2223 2024 παιδίσκαι
2278 1955 2392 2024 καὶ
2445 1956 2527 2024 τὰ
2570 1957 2761 2024 τέκνα

530 2052 772 2141 αὐτῶν,
830 2058 944 2126 καὶ
997 2057 1499 2148 προσεκύνησαν.
1614 2060 1764 2126 ἵκαὶ
1820 2057 2218 2150 προσήγγισε
2270 2059 2455 2128 Λεία
2509 2059 2621 2128 καὶ
2677 2060 2762 2126 τὰ
2801 2083 2869 2129 15

527 2161 719 2230 τέκνα
764 2154 984 2253 αὐτῆς,
1029 2163 1143 2230 καὶ
1186 2159 1677 2253 προσεκύνησαν
1694 2188 1707 2202 ·
1754 2164 1863 2231 καὶ
1906 2165 2069 2248 μετὰ
2118 2172 2321 2232 ταῦτα
2362 2164 2761 2254 προσήγγισε

529 2321 628 2375 ρου
673 2301 741 2358 15
764 2311 831 2361 >
855 2302 899 2356 Ε
932 2306 940 2370 Ι
975 2303 1040 2358 15
1064 2322 1259 2370 murm
1294 2313 1361 2363 >
1398 2302 1471 2367 G,
1509 2303 1821 2372 suppletum
1864 2320 1898 2358 a
1934 2306 2226 2359 correctore
2266 2306 2455 2374 quarto
2501 2305 2508 2372 Ι
2557 2304 2625 2358 15
2659 2324 2758 2356 του

529 2391 777 2449 πλάτους
810 2408 907 2442 του
943 2407 1140 2460 νευρου
1177 2408 1274 2442 του
1311 2409 1493 2464 μηρου
1533 2397 1709 2456 ιακωβ
1744 2392 1853 2454 mt,
1892 2389 2001 2444 nisi
2036 2391 2179 2460 quod
2214 2411 2244 2444 ο
2269 2393 2333 2459 -Ι-
2362 2392 2489 2445 ante
2513 2397 2686 2459 ιακωβ
2715 2393 2760 2454 t,

532 2492 636 2545 quo
673 2475 790 2530 loco
835 2476 998 2533 litera
1036 2476 1214 2532 deleta
1250 2476 1308 2531 in
1342 2494 1397 2531 m

676 2563 703 2617 1
726 2583 756 2615 ο
776 2562 868 2627 bo,
908 2584 973 2617 ου
999 2582 1054 2627 z,
1097 2584 1190 2617 και
1209 2563 1258 2616 A
1285 2564 1647 2631 [correotoris]
1670 2564 1721 2618 D
1751 2564 1864 2633 [un]
1892 2562 2105 2617 EGamt
2134 2564 2141 2631 Ι
2176 2566 2205 2618 1
2235 2578 2493 2638 εναρκησε
2518 2580 2545 2615 z
2577 2565 2586 2628 Ι
2620 2566 2649 2618 1
2670 2578 2758 2617 ea-

531 2648 662 2719 piffis
695 2649 764 2703 33
788 2648 985 2705 desunt
1012 2652 1278 2705 commata
1305 2652 1332 2703 1
1351 2650 1465 2703 -8
1487 2650 1537 2703 D
1566 2652 1682 2717 [GR]
1716 2650 1726 2720 Ι
1761 2651 1847 2715 1s2
1876 2690 1908 2714 „
1926 2650 2125 2719 Aquila
2153 2669 2246 2703 και
2276 2668 2404 2721 ηρεν
2434 2656 2606 2717 ιακωβ
2633 2669 2761 2708 τους

530 2736 865 2807 ὁφθαλμους
902 2754 1095 2789 αυτου.
1133 2734 1481 2805 Symmachus
1519 2754 1730 2809 επαρας
1760 2737 1824 2789 δε
1864 2743 2037 2803 ιακωβ
2074 2754 2205 2793 τους
2228 2738 2563 2807 οφθαλμους
2589 2754 2758 2787 αυτου

534 2820 652 2875 ειδε
685 2839 934 2891 φανεντα
970 2836 1112 2887 ησαυ
1152 2826 1507 2892 ερχομενονι(
1541 2822 1576 2875 b
1610 2824 1617 2891 Ι
1665 2825 1694 2877 1
1734 2841 1854 2881 τοις
1891 2825 2211 2893 οφθαλμοις
2247 2841 2416 2875 αυτου
2450 2832 2517 2881 >
2554 2821 2602 2875 Α
2642 2820 2763 2890 [sed

534 2906 870 2976 correctoris]
909 2906 1047 2961 Eacz
1063 2946 1076 2970 ,
1139 2907 1456 2961 asteriseata
1506 2906 1673 2961 habet
1720 2907 1768 2961 G
1834 2910 1843 2974 Ι
1909 2908 1944 2961 2
1982 2908 2104 2961 ιὸεν
2139 2907 2187 2961 Α
2239 2907 2359 2977 [sed
2407 2908 2761 2978 correctoris}

533 2993 683 3047 ειδεν
717 2991 876 3047 EGt¹
932 2994 940 3062 Ι
995 2995 1030 3047 2
1065 2995 1192 3047 ante
1225 2994 1352 3046 ιδου
1385 3010 1494 3048 non
1531 3012 1651 3057 και,
1688 2993 1783 3047 sed
1818 3013 1885 3046 κα
1925 2994 1973 3047 A
2014 2992 2172 3063 [corr]
2232 2994 2241 3062 Ι
2296 2994 2329 3046 2
2365 2996 2491 3063 post
2526 2995 2653 3047 ιδου
2692 2996 2759 3061 -Ι-

540 3079 650 3131 ωδε
689 3096 716 3130 z
771 3081 779 3145 Ι
834 3079 868 3133 2
906 3098 936 3131 ο
973 3079 1220 3151 αδελφος
1256 3099 1424 3132 αυτου
1467 3078 1733 3134 obelizata
1770 3078 1819 3133 G
1872 3082 1881 3149 Ι
1929 3080 1963 3133 2
1996 3082 2123 3148 post
2157 3098 2451 3155 ερχομενος
2490 3083 2555 3148 -Ι-
2595 3099 2763 3139 amos

535 3163 584 3216 A
625 3162 740 3231 [sed
777 3164 1110 3234 correctoris]
1145 3165 1155 3234 Ι
1185 3166 1276 3232 213
1309 3184 1402 3219 και
1438 3183 1542 3236 μετ
1579 3186 1747 3219 αυτου
1787 3187 1817 3218 υ
1856 3167 2053 3239 ανδρες
2092 3164 2141 3219 G
2173 3168 2181 3231 Ι
2223 3166 2313 3224 213
2348 3168 2476 3221 ante
2501 3184 2761 3239 τετρακο-

534 3264 655 3302 σιοι
676 3250 742 3316 -Ι-
769 3270 824 3302 οι
856 3249 901 3302 Ε
933 3250 940 3317 Ι
971 3250 1060 3320 2Ι3
1086 3256 1116 3301 ῦ
1135 3268 1163 3303 z
1195 3250 1202 3319 Ι
1235 3252 1269 3304 3
1289 3251 1595 3305 επιδιειλεν
1610 3250 1823 3305 AEGab
1838 3254 2022 3305 memtz
2042 3292 2055 3305 .
2082 3292 2114 3316 „
2131 3252 2331 3321 Aquila
2349 3256 2664 3323 ημισυσεν“
2689 3251 2727 3305 b
2750 3252 2758 3321 Ι

531 3333 900 3403 3ἶιακωβέ
935 3334 984 3389 G
1027 3337 1035 3404 Ι
1079 3336 1116 3389 4
1153 3338 1280 3389 λιαν
1314 3335 1430 3402 ΕΖΙ
1472 3337 1508 3391 4
1547 3356 1642 3391 επι
1681 3348 1748 3397 >
1788 3337 1941 3407 ΘΙ4
1980 3341 2178 3413 ραχιηλ
2214 3347 2282 3407 ΖΙ
2324 3340 2361 3393 4
2396 3340 2522 3391 ante
2558 3357 2654 3396 τας
2691 3340 2761 3406 -Ι-

533 3442 629 3477 eru
665 3440 721 3477 m
751 3421 965 3492 [t=b]
1015 3424 1023 3490 Ι
1070 3424 1107 3476 4
1145 3424 1272 3490 δυο]
1311 3430 1347 3491 β
1382 3422 1431 3477 G
1479 3424 1486 3492 Ι
1533 3425 1569 3477 4
1608 3430 1766 3477 εθετο
1807 3424 1901 3489 bz,
1940 3440 2202 3491 εποίησεν
2234 3424 2471 3493 ΔΕΘτῒςῑ,
2531 3440 2761 3491 εποιησε

531 3509 750 3578 810th
781 3510 816 3565 5
853 3511 981 3563 ante
1017 3528 1168 3568 υιους
1204 3511 1270 3577 -Ι-
1314 3510 1414 3562 δυο
1445 3510 1489 3563 Ε
1521 3511 1530 3578 Ι
1563 3512 1595 3565 5
1632 3530 1813 3564 αυτων
1838 3511 1996 3575 >Ε,
2052 3532 2219 3564 αυτου
2258 3530 2285 3565 z
2341 3512 2347 3580 Ι
2398 3515 2431 3567 6
2468 3515 2598 3563 λιαν
2630 3511 2709 3565 Ez
2751 3512 2759 3580 Ι

531 3598 566 3650 6
603 3614 768 3661 αυτης
789 3606 856 3655 >
875 3612 904 3650 z
936 3600 944 3663 Ι
975 3598 1010 3650 6
1036 3614 1129 3648 και
1153 3594 1350 3670 ραχηλ]
1377 3600 1550 3667 ραχηλ
1579 3598 1645 3650 δε
1679 3613 1707 3649 c
1738 3598 1745 3665 Ι
1778 3600 1808 3650 7
1835 3600 2128 3670 παρηλθεν
2151 3596 2223 3661 A,
2251 3600 2423 3664 ηλθεν
2444 3600 2495 3651 t.
2533 3596 2719 3651 m=b
2751 3597 2758 3667 Ι

533 3682 570 3736 8
609 3692 797 3741 του>
819 3698 848 3736 0
879 3683 888 3749 Ι
919 3682 953 3735 8
971 3701 1074 3735 του
1101 3682 1345 3753 αδελφου
1368 3680 1580 3752 AEGay
1614 3683 1621 3750 Ι
1653 3684 1687 3737 9
1712 3684 2059 3758 συνεδραμεν
2082 3686 2165 3737 mt
2194 3685 2202 3750 Ι
2235 3684 2268 3737 9
2295 3699 2631 3751 συναντησιν
2663 3703 2763 3735 αυ-

535 3788 637 3822 του
656 3786 683 3821 z
702 3766 794 3838 110
813 3769 1135 3841 περιελαβεν
1153 3766 1216 3830 G,
1256 3768 1432 3836 prima
1449 3784 1613 3842 manu
1633 3769 1691 3822 in
1709 3772 2023 3841 περιλαβων
2039 3772 2309 3823 mutatum
2328 3769 2334 3839 Ι
2359 3770 2427 3837 10
2444 3772 2569 3838 post
2594 3788 2765 3823 αυτον

534 3856 599 3922 -Ι-
639 3856 903 3926 εφιλησεν
940 3873 1033 3906 και
1074 3845 1260 3918 AEt1,
1301 3857 1366 3921 -Ι-
1405 3861 1431 3868 “
1458 3859 1761 3927 εφιλησενε
1799 3874 1891 3907 και
1923 3854 1989 3919 G,
2031 3858 2096 3923 -Ι-
2138 3858 2368 3926 εφιλησε
2406 3876 2499 3909 και
2536 3857 2765 3924 act²yz,

533 3944 598 4009 -Ι-
635 3942 903 4013 εφιλησεν
939 3958 1106 3993 αυτον
1140 3960 1232 3993 και
1270 3957 1326 3993 m
1391 3942 1398 4010 Ι
1457 3942 1524 3997 10
1557 3957 1719 3994 επεσε
1759 3958 1787 3995 c
1828 3941 1945 4011 [sic]
2006 3945 2014 4007 Ι
2072 3942 2224 4011 10111
2262 3960 2355 3994 και
2392 3944 2766 4012 κατεφιλησεν

535 4046 704 4081 αυτον
746 4038 813 4087 >
853 4025 1113 4090 AEemtz,
1147 4026 1348 4081 habent
1383 4026 1537 4097 Gaby
1568 4028 1575 4096 Ι
1612 4030 1678 4083 12
1713 4043 1853 4094 ησαυ
1892 4040 1959 4089 >
1995 4027 2287 4082 AEGamtz
2335 4029 2344 4097 Ι
2391 4028 2458 4080 12
2496 4028 2615 4081 ιδεν
2649 4027 2764 4092 ΑΕ,

533 4114 685 4167 ειδεν
721 4112 829 4167 Gt¹
865 4114 873 4182 Ι
908 4115 975 4168 12
1010 4132 1106 4173 τας
1142 4132 1406 4183 γυναικας
1441 4134 1535 4167 και
1571 4124 1641 4173 >
1676 4118 1703 4169 t
1734 4116 1741 4181 Ι
1776 4115 1843 4168 12
1880 4132 2038 4168 ειπεν
2074 4113 2336 4167 AEGmt¹
2368 4114 2377 4183 Ι
2413 4115 2479 4170 13
2516 4132 2632 4167 εστι
2667 4129 2725 4167 oz
2754 4113 2761 4183 Ι

534 4199 601 4252 13
636 4218 666 4251 ο
705 4198 794 4267 δε]
833 4217 919 4251 και
962 4214 1020 4252 cz
1074 4200 1083 4267 Ι
1139 4199 1206 4253 13
1243 4217 1403 4253 ειπεν
1438 4198 1643 4254 AEGt¹
1698 4199 1707 4268 Ι
1775 4201 1844 4254 14
1884 4214 2307 4273 προσηγγεισαν
2339 4198 2415 4263 A,
2452 4215 2764 4273 προσεγγι-

533 4298 641 4337 σαν
675 4302 703 4337 z
735 4284 744 4353 Ι
790 4283 856 4338 14
893 4303 1057 4338 τεκνα
1093 4284 1419 4349 EGabomtz,
1457 4287 1666 4339 παιδια
1697 4284 1747 4339 A
1790 4288 1803 4353 Ι
1843 4286 1911 4341 15
1946 4299 2363 4356 προσηγγεισεν
2399 4284 2481 4349 A,
2518 4299 2766 4355 προσηγ-

531 4385 695 4440 γισεν
729 4368 913 4433 EGt1,
949 4387 1148 4441 ηγγισε
1174 4388 1225 4437 c,
1265 4388 1642 4443 προσηγγεισε
1667 4389 1697 4425 z
1728 4372 1735 4441 Ι
1770 4372 1835 4426 15
1862 4374 1953 4425 λια
1977 4370 2051 4424 Ez
2082 4374 2092 4438 Ι
2126 4371 2191 4424 16
2216 4390 2361 4443 μετα
2384 4390 2557 4425 ταυτα
2581 4379 2723 4429 >m
2753 4370 2763 4441 Ι

534 4456 602 4511 16
634 4473 796 4509 τουτο
831 4471 890 4509 cz
921 4459 934 4522 Ι
965 4457 1030 4510 16
1068 4472 1486 4531 προσηγγεισεν
1521 4458 1570 4511 A
1588 4496 1603 4521 ,
1639 4472 2022 4533 προσηγγισεν
2054 4455 2248 4524 Eth,
2285 4472 2663 4534 προσηγγεισε
2696 4474 2733 4515 z

897 4608 936 4626 χ
