3169 4941
2576 438 2611 495 5

325 602 352 655 1
394 590 599 655 disum
627 591 984 657 florentem.
1099 611 1215 658 nec
1278 613 1404 658 non
1425 644 1439 673 ,
1509 595 1673 679 quod
1730 595 2039 678 sequitur,
2084 604 2292 662 eontra
2331 604 2615 664 orientem

391 694 459 759 in
501 696 788 780 hebraeo,
817 702 1098 761 mimizra
1143 697 1469 777 scribitur,
1521 700 1685 783 quod
1707 699 1943 782 Aquila
1985 702 2198 784 posuit
2239 692 2377 766 ἀπὸ
2420 693 2614 790 ἆρχῆ-
2674 754 2709 771 ,,
2744 736 2826 769 rs„-

393 803 516 863 θεν
563 801 627 865 et
668 820 784 865 nos
841 802 921 866 ab
981 800 1233 867 exordio
1277 821 1610 884 possumus
1668 804 1902 882 dicere,
1990 804 2401 887 Symmachus
2461 827 2612 883 uero

392 898 466 966 ἐκ
511 896 776 991 πρώτης
820 907 883 970 et
927 905 1319 971 Theodotion
1363 903 1429 969 ἐν
1501 903 1823 992 πρώτοις,
1892 909 2057 990 quod
2104 911 2168 974 et
2218 911 2429 991 ipsum
2489 929 2614 975 non

323 1009 357 1065 5
392 1008 734 1087 orientem,
793 1010 903 1075 sed
946 1011 1323 1093 principium
1369 1012 1700 1095 significat.
1808 1033 1882 1077 ex
1927 1032 2048 1096 quo
2106 1014 2613 1079 manifestissime

393 1113 836 1196 comprobatur
881 1114 1047 1197 quod
1090 1115 1264 1198 prius
1317 1136 1506 1198 quam
1553 1116 1797 1188 caelum
1842 1119 1907 1181 et
1950 1120 2187 1182 terram
2248 1117 2399 1183 deus
2444 1118 2613 1182 face-

390 1219 518 1295 ret,
568 1218 930 1301 paradisum
985 1221 1132 1284 ante
1180 1219 1576 1299 condiderat,
1634 1222 1796 1286 sicut
1833 1224 1901 1285 et‘
1939 1221 2174 1305 legitur
2216 1223 2284 1286 in
2343 1222 2611 1288 hebraeo

387 1324 772 1405 plantauerat
812 1330 1012 1388 autem
1053 1326 1331 1388 dominus
1369 1327 1516 1389 deus
1545 1327 1903 1409 paradisum
1946 1332 2012 1390 in
2050 1328 2193 1391 eden
2222 1348 2259 1391 a
2290 1330 2611 1412 principio.

566 1427 797 1491 Nomen
853 1432 966 1491 uni
1001 1430 1204 1492 Fison.
1317 1430 1485 1493 hunc
1550 1447 1686 1493 esse
1742 1429 1961 1494 Indiae
2028 1430 2292 1495 fluuium
2346 1429 2612 1513 Gangen

287 1544 356 1599 10
388 1531 637 1612 putant.

579 1636 696 1699 Ubi
729 1641 817 1699 est
855 1640 1256 1701 carbunculus
1293 1643 1352 1701 et
1395 1640 1554 1722 lapis
1592 1643 1896 1721 prasinus,
1961 1657 2073 1723 pro
2121 1638 2501 1703 carbunc'ulo
2548 1639 2613 1703 et

389 1736 597 1820 lapide
645 1740 894 1823 prasino
939 1736 1236 1821 βδέλλιον
1274 1742 1338 1805 et
1383 1736 1574 1820 ὄνυχα
1621 1741 1730 1807 alii
1770 1741 2250 1809 transtulerunt.
2298 1758 2307 1765 ·

564 1846 646 1907 Et
678 1849 935 1928 sumpsit
955 1845 1232 1908 dominus
1253 1846 1400 1908 deus
1429 1849 1725 1909 hominem
1762 1852 1818 1910 et
1837 1852 2048 1931 posuit
2072 1870 2207 1911 eum
2240 1852 2305 1910 in
2320 1848 2612 1931 paradiso

391 1950 736 2031 uoluptatis.
845 1967 958 2032 pro
1001 1948 1325 2031 uoluptate
1384 1950 1450 2013 in
1493 1950 1766 2015 hebraeo
1828 1951 2026 2015 habet
2078 1952 2234 2015 eden.
2320 1950 2442 2035 ipsi
2486 1950 2611 2033 igi-

287 2064 354 2120 15
390 2053 494 2116 tur
551 2070 720 2115 nunc
782 2052 956 2117 LXX
1023 2055 1168 2116 eden
1241 2053 1641 2137 interpretati
1704 2056 1852 2119 sunt
1924 2054 2316 2139 uoluptatem
2335 2104 2351 2132 ,
2416 2053 2609 2149 ‚Sym-

387 2155 649 2220 machus
694 2175 875 2233 uero,
941 2157 1048 2239 qui
1089 2157 1449 2241 paradisum
1506 2158 1695 2240 paulo
1749 2160 1894 2223 ante
1953 2158 2284 2224 florentem
2324 2160 2607 2223 transtu-

389 2259 584 2338 lerat,
657 2260 760 2324 hic
814 2261 1023 2343 posuit
1087 2257 1154 2324 ἐν
1209 2262 1303 2345 τῷ
1377 2256 1759 2346 παραδείσῳ
1829 2267 1946 2349 τῆς
2003 2257 2231 2349 ἀκτῆς,
2309 2261 2473 2346 quod
2547 2263 2611 2325 et

389 2363 597 2446 ipsum
645 2364 1096 2429 amoenitatem
1142 2366 1206 2429 et
1253 2364 1509 2430 delicias
1559 2368 1759 2430 sonat.

564 2472 636 2532 In
675 2491 1042 2553 quacumque
1086 2475 1281 2534 autem
1323 2470 1419 2534 die
1462 2472 1788 2534 comederis
1832 2492 1910 2533 esc
1953 2494 2037 2548 e0,
2084 2476 2272 2534 morte
2314 2474 2611 2534 morieris.

282 2585 354 2638 20
388 2572 614 2637 melius
649 2573 1103 2656 interpretatus
1151 2575 1248 2638 est
1293 2573 1707 2656 Symmachus
1754 2573 1964 2638 dicens
2006 2577 2286 2638 mortalis
2325 2580 2460 2638 eris.

563 2680 646 2740 Et
683 2681 850 2740 misit
887 2678 1163 2740 dominus
1201 2678 1348 2740 deus
1391 2671 1694 2748 ἔκστασιν
1740 2678 2151 2762 supersidam.
2237 2696 2351 2760 pro
2394 2677 2608 2755 extasi,

387 2781 452 2845 id
514 2782 610 2846 est
663 2781 894 2845 mentis
953 2799 1242 2858 excessu,
1308 2781 1374 2844 in
1433 2781 1701 2846 hebraeo
1779 2781 1972 2847 habet
2029 2783 2367 2859 thardema,
2448 2780 2610 2864 quod

388 2884 623 2968 Aquila
686 2877 1058 2970 καταφοράν
1077 2936 1091 2964 ,
1165 2884 1578 2968 Symmachus
1640 2878 1863 2969 κάρον,
1935 2886 2001 2950 id
2062 2888 2159 2950 est
2227 2904 2487 2968 grauem
2546 2886 2609 2949 et

387 2987 765 3072 profundum
809 3006 1126 3069 soporem,
1171 2988 1570 3072 interpretati
1610 2991 1773 3055 sunt.

281 3111 353 3166 25
564 3093 848 3174 Denique
895 3093 1177 3181 sequitur
1212 3099 1268 3157 et
1317 3095 1627 3157 dormiuit.
1726 3094 1794 3158 id
1851 3095 2057 3178 ipsum
2113 3094 2376 3160 uerbum
2435 3094 2499 3158 et
2541 3092 2609 3156 in

389 3197 579 3262 Ionae
627 3197 953 3261 stertentis
1001 3215 1217 3262 somno
1267 3197 1542 3281 positum
1590 3199 1704 3264 est.

531 3411 565 3464 9
601 3411 711 3460 Gen
748 3410 796 3472 2,
840 3409 905 3463 11
952 3407 961 3475 Ι
995 3409 1059 3462 11
1099 3410 1208 3460 Gen
1246 3410 1295 3470 2,
1336 3407 1404 3462 12
1434 3410 1442 3473 Ι
1475 3409 1544 3462 13
1586 3410 1696 3460 Gen
1721 3409 1769 3472 2,
1796 3409 1864 3462 15
1896 3411 1905 3476 Ι
1937 3411 2003 3463 19
2039 3411 2147 3460 Gen
2172 3411 2223 3472 2,
2261 3411 2327 3463 17
2358 3407 2367 3476 Ι
2398 3409 2465 3462 21
2504 3409 2614 3458 Gen

389 3497 438 3556 2,
479 3497 544 3550 21
586 3498 594 3561 1
638 3495 706 3548 25
741 3497 850 3546 Gen
888 3494 939 3560 2,
977 3493 1043 3547 21
1087 3494 1094 3561 Ι
1140 3495 1208 3548 26
1243 3495 1398 3545 Ionas
1437 3497 1484 3556 1,
1522 3494 1557 3547 5

530 3673 563 3725 2
597 3673 830 3722 mimizra
867 3677 952 3739 βγ,
993 3671 1273 3721 meccedem
1314 3689 1358 3740 φ
1390 3668 1398 3736 Ι
1430 3672 1520 3737 213
1558 3675 1805 3739 αρχηθεν
1830 3674 2161 3736 frisinqensis
2189 3674 2350 3731 prior,
2394 3687 2606 3736 αρχηον

389 3761 726 3820 scapha-sanus
761 3766 807 3806 et
843 3759 1160 3806 berolinensis
1191 3755 1199 3822 Ι
1243 3757 1279 3808 4
1313 3773 1516 3826 προτης
1557 3758 1879 3806 berolinensis
1912 3755 1919 3821 Ι
1953 3755 1985 3807 5
2020 3755 2283 3804 manifeste
2322 3761 2355 3820 β
2387 3754 2394 3818 Ι
2429 3757 2494 3808 11
2530 3756 2613 3804 Ibi

389 3863 434 3913 φ
465 3846 474 3910 Ι
507 3843 574 3897 12
611 3842 836 3894 bdellion
875 3847 926 3892 et
963 3843 1081 3892 onix
1117 3847 1212 3908 137:
1259 3857 1380 3902 quae
1416 3845 1568 3903 edidi,
1620 3858 1681 3891 ex
1702 3844 2006 3907 frisinqensi
2028 3845 2198 3903 priori
2226 3841 2235 3907 Ι
2274 3839 2336 3894 15
2375 3857 2508 3890 nunc
2547 3861 2608 3910 φ,

388 3939 458 3988 >
493 3935 568 3997 βγ
608 3930 616 3992 Ι
664 3929 734 3982 16
768 3927 1032 3978 florentem
1079 3928 1232 3992 paulo
1273 3931 1388 3977 ante
1425 3945 1470 3997 φ
1512 3925 1520 3993 Ι
1570 3927 1637 3980 18
1676 3927 2380 3992 enrmnapadmw’rncaxrnc
2416 3929 2608 3992 frisin-

386 4021 551 4080 ‚qensis
582 4018 744 4077 prior,
781 4017 867 4063 sed
900 4014 932 4064 d
966 4017 1020 4062 in
1057 4030 1237 4062 rasura
1275 4029 1423 4062 manu
1447 4016 1639 4075 prima:
1676 4028 1827 4078 nnyw
1858 4029 2420 4077 npavamwnncax'rnc
2466 4029 2606 4074 soap-

389 4105 634 4156 husanus.
690 4115 1128 4168 nnywnpwnreue
1168 4114 1372 4149 cax'rno
1426 4101 1739 4148 berolinensis
1799 4097 1807 4165 Ι
1866 4099 1935 4150 22
1979 4113 2242 4149 εκστασιν
2278 4100 2610 4163 frisinqensis

379 4193 555 4252 prior,
595 4187 794 4237 extasin
829 4192 902 4254 γβ
919 4188 965 4247 2,
1007 4194 1074 4244 >
1105 4189 1176 4253 ,81
1220 4184 1228 4251 Ι
1273 4184 1340 4237 23
1376 4183 1639 4234 thardema
1676 4203 1719 4252 φ
1735 4223 1750 4248 ,
1795 4184 2023 4234 tardema
2060 4189 2133 4251 βγ
2179 4182 2187 4250 Ι
2232 4183 2302 4237 24
2337 4184 2613 4234 katororan

388 4280 488 4343 βγ,
527 4275 692 4324 karon
727 4278 788 4339 β,
827 4288 990 4337 garon
1023 4289 1090 4340 y:
1123 4274 1453 4338 frisinqensis
1479 4273 1629 4333 prior
1664 4272 1751 4318 boe
1788 4273 1888 4320 loeo
1918 4273 2078 4321 litoris
2109 4275 2298 4338 praecis
2332 4273 2401 4322 ita
2434 4275 2613 4337 utitur,

389 4369 446 4410 ut
481 4363 661 4413 Graeca·
696 4363 797 4424 ipsi
839 4363 1102 4410 eorrectius
1129 4363 1334 4427 pingere
1367 4361 1456 4407 uix
1489 4360 1763 4423 potuissent
