3169 4941
1231 400 1655 465 „13-

322 586 734 647 transactions
783 587 847 648 of
882 586 986 648 the
1029 587 1197 669 royal
1239 587 1388 648 irish
1431 589 1724 670 academy
1768 587 1951 663 1787,
1996 587 2303 652 Eichhorn
2343 589 2567 653 biblio-

322 683 468 744 thek
517 683 580 744 H
630 682 780 757 584,
823 683 1050 746 Paulus
1097 703 1280 746 neues
1326 685 1723 766 repertorium
1769 687 1800 747 I
1849 685 1987 750 192.
2072 687 2341 749 continet

1104 792 1278 848 Isaiae
1314 794 1399 859 30,
1435 795 1472 848 2
1513 823 1580 834 -
1610 795 1694 861 31,
1732 797 1763 850 7

1314 875 1399 942 36,
1441 877 1506 930 18
1549 905 1603 914 -
1648 877 1735 944 38,
1780 882 1823 932 1.

1412 972 1465 1035 Ρ

907 1072 1069 1150 apud
1111 1071 1504 1134 Parsonsium
1543 1071 1643 1134 IX
1684 1073 1784 1134 uel
1829 1073 1971 1137 294.

319 1165 840 1246 cantabrigiensis,

1077 1249 1258 1305 Psalm
1300 1270 1364 1304 οα
1409 1253 1474 1307 14
1509 1283 1574 1292 -
1610 1230 1687 1306 Λα
1725 1255 1755 1308 7

1297 1333 1391 1406 ρκζ
1428 1334 1463 1388 3
1501 1364 1568 1372 —
1609 1331 1709 1406 ρκθ
1750 1337 1783 1390 6

1289 1413 1376 1488 ρλε
1420 1417 1482 1468 11
1517 1433 1688 1488 usque
1727 1415 1797 1471 ad
1832 1415 2035 1472 finem?

1062 1600 1224 1678 apud
1265 1598 1625 1660 oxonienses
1664 1598 1808 1660 XII.

317 1690 833 1768 claromontanuS,
887 1713 1043 1756 nunc
1087 1697 1420 1760 uaticanus.
1510 1695 1725 1758 Stroth
1760 1697 1917 1758 VIII
1968 1695 2107 1771 189,
2154 1697 2348 1759 AMai
2402 1715 2564 1758 noua.

315 1788 692 1852 bibliotheca
737 1790 834 1852 IV
875 1789 1016 1856 318.
1105 1794 1471 1875 hexaplaris.

489 1888 757 1950 sedecim
801 1890 1132 1972 prophetas
1175 1893 1457 1955 continet.

488 2005 672 2066 quam
712 1987 930 2067 exigua
956 1989 1082 2050 eius
1105 1989 1187 2050 sit
1205 1990 1373 2066 fides,
1412 1992 1575 2054 disce
1614 2012 1690 2054 ex
1717 1993 1813 2067 iis,
1860 2010 2015 2074 quae
2046 1990 2273 2054 Isaiam
2306 1999 2369 2052 et
2408 2009 2561 2072 quae

313 2085 700 2146 Ezechielem
742 2088 1127 2165 praecedunt.
1204 2089 1288 2150 ibi
1331 2091 1488 2152 enim
1534 2090 1894 2172 μετελήφθη
1945 2085 2258 2153 ὃἨσαΐας
2301 2087 2422 2149 ἀπὸ
2465 2087 2560 2148 ἀν-

317 2183 616 2264 τιγράφου
663 2186 774 2243 τοῦ
821 2185 982 2268 ἀββᾶ
1019 2184 1459 2268 Ἀπολιναρίου
1505 2189 1613 2248 τοῦ
1660 2185 2119 2270 κοινοβιάρχου,
2167 2184 2228 2247 ἐν
2286 2180 2337 2269 ᾧ
2377 2183 2561 2246 καθυ·

323 2279 598 2342 πύκειται
640 2283 833 2341 ταῦτα
867 2278 1247 2365 Μετελήφθη
1297 2285 1328 2346 ὁ
1367 2281 1629 2351 Ἡσαΐας
1671 2282 1738 2345 ἐκ
1781 2290 1899 2345 τῶν
1944 2283 2100 2346 κατὰ
2140 2281 2246 2350 τὰς
2291 2280 2564 2349 ἐκδόσεις

333 2375 630 2452 ἑξαπλῶν,
678 2377 1024 2463 ἀντεβλήθη
1059 2380 1126 2442 δὲ
1151 2383 1425 2464 καὶπρὸς
1449 2381 1655 2463 ἕτερον
1696 2381 2021 2455 ἑξαπλοῦν,
2060 2379 2203 2464 ἔχον
2232 2379 2337 2460 τὴν
2369 2400 2561 2463 παρα-

326 2475 655 2557 σημείωσιν
701 2476 921 2559 ’ταύτην
959 2478 1361 2562 Διώρθωνται
1405 2480 1671 2564 ἀκριβῶς
1701 2483 1891 2541 πᾶσαι
1936 2480 1997 2541 αἱ
2044 2475 2345 2544 ἐκδόσεις·
2395 2478 2558 2539 α’ντε-

320 2571 640 2656 βλήθησαν
679 2572 792 2656 γὰρ
830 2575 982 2657 πρὸς
1005 2575 1677 2658 τετραπλοῦνἨσαΐαν,
1714 2575 1800 2640 ἔτι
1839 2578 1906 2640 δὲ
1932 2576 2033 2639 καὶ
2057 2575 2209 2659 πρὸς
2238 2575 2562 2644 ἑΕαπλοῦν.

316 2672 474 2753 πρὸς
514 2669 754 2739 τούτοις
798 2674 898 2736 καὶ
938 2674 1060 2735 ἀπὸ
1101 2676 1208 2755 τῆς
1251 2674 1448 2759 ἀρχῆς
1487 2675 1608 2742 ἕως
1649 2679 1756 2737 τοῦ
1806 2676 2115 2758 ὁράματος
2146 2669 2349 2755 Τύρου
2396 2672 2563 2756 ἀκρι-

320 2766 610 2852 βέστερον
659 2769 1041 2852 διώρθωται·
1101 2770 1555 2855 εὐπορήσαντες
1617 2772 1731 2856 γὰρ
1786 2778 1905 2835 τῶν
1955 2772 2137 2856 μέχρι
2182 2770 2398 2838 τέλους
2450 2775 2559 2833 τοῦ

318 2865 634 2946 ὁράματος
686 2861 889 2949 Τύρου
947 2867 1153 2950 τόμων
1209 2868 1575 2951 ἐΕηγητικῶν
1636 2872 1721 2938 εἰς
1773 2872 1875 2934 τὸν
1906 2868 2173 2933 Ἠσαΐαν
2212 2867 2563 2952 Ὠριγένους

316 2964 421 3025 καὶ
465 2962 733 3045 ἀκριβῶς
769 2963 1199 3049 ἐπιστήσαντες
1242 2964 1316 3049 τῇ
1363 2968 1587 3050 ἐννοίᾳ,
1632 2968 1764 3030 καθ’
1806 2968 1880 3051 ἢν
1916 2967 2253 3050 ἐξηγήσατο
2300 2966 2558 3048 ἑκάστην

317 3058 506 3137 λέξιν,
560 3060 772 3128 καθὼς
817 3060 945 3125 οἷόν
992 3085 1058 3124 τε
1099 3061 1196 3146 ἧν,
1253 3066 1354 3126 καὶ
1397 3067 1512 3126 πᾶν
1557 3066 1906 3151 ἀμφίβολον
1965 3064 2120 3127 κατὰ
2168 3064 2275 3147 τὴν
2324 3063 2558 3125 ἐκείνου

320 3156 562 3219 ἔννοιαν
629 3156 1151 3242 διωρθωσάμεθα.
1243 3163 1397 3245 πρὸς
1443 3162 1681 3231 τούτοις
1734 3163 2058 3247 συνεκρίθη
2111 3166 2149 3245 ἢ
2206 3166 2327 3225 τῶν
2386 3163 2558 3246 ἑβδο-

321 3256 597 3337 μήκοντα
667 3251 905 3323 ἔκδοσις
961 3259 1062 3320 καὶ
1119 3259 1271 3343 πρὸς
1331 3258 1404 3321 τὰ
1463 3260 1576 3321 ὑπὸ
1636 3256 1939 3345 Εὐσεβίου
2003 3260 2089 3328 εἰς
2149 3262 2248 3324 τὸν
2296 3256 2557 3323 Ἡσαΐαν

321 3350 622 3435 εἰρημένα
684 3354 786 3415 καὶ
835 3354 896 3415 ἐν
941 3355 1031 3424 οἷς
1075 3356 1441 3441 διεφώνουν,
1495 3362 1603 3440 τῆς
1642 3358 1990 3442 ἐξηγήσεως
2031 3358 2137 3441 τὴν
2188 3356 2422 3421 ἔννοιαν
2460 3361 2556 3441 ζη-

318 3450 636 3531 τήσαντες,
678 3452 832 3534 πρὸς
882 3454 1070 3536 αὐτὴν
1121 3453 1627 3538 ἐδιωρθώσαμεν.
1683 3457 1783 3520 hic
1825 3466 2027 3521 autem
2059 3454 2441 3540 Μετελήφθη
2493 3456 2561 3518 δὲ

326 3546 451 3609 ἀπὸ
502 3546 876 3631 ἀντιγράφου
913 3556 1020 3615 τοῦ
1068 3554 1230 3639 ἀββᾶ
1261 3551 1701 3637 Ἀπολιναρίου
1744 3558 1852 3616 τοῦ
1893 3555 2353 3639 κοινοβιοὶρχου,
2396 3552 2458 3615 ἐν
2506 3548 2557 3638 ᾧ

315 3642 773 3707 καθυπόκειται
838 3652 1026 3712 ταῦτα
1083 3648 1466 3733 Μετελήφθη
1544 3652 1665 3714 ἀπὸ
1726 3656 1847 3714 τῶν
1907 3650 2061 3714 κατὰ
2119 3650 2223 3718 τὰς
2285 3649 2560 3719 ἐκδόσεις

318 3740 609 3809 ἑξαπλῶν
657 3744 758 3805 καὶ
813 3746 1148 3831 διωρθώθη
1209 3748 1329 3811 ἀπὸ
1377 3753 1498 3810 τῶν
1536 3746 1891 3832 Ὠριγένους
1943 3746 2131 3812 αὐτοῦ
2181 3750 2557 3830 τετραπλῶν,

317 3835 497 3898 ἅτινα
541 3839 645 3901 καὶ
691 3840 882 3905 αὐτοῦ
926 3846 1086 3927 χειρὶ
1134 3845 1455 3928 διώρθωτο
1503 3847 1606 3909 καὶ
1651 3846 2205 3931 ἐσχολιογροίφητο.
2288 3847 2320 3907 ὁ
2367 3840 2554 3907 Εὐσέ-

317 3934 454 4018 βιος
494 3934 616 4017 ἐγὼ
661 3937 882 4022 σχόλια
931 3941 1278 4024 παρέθηκα.
1360 3940 1688 4026 Πάμφιλος
1745 3946 1846 4006 καὶ
1891 3940 2190 4027 Εὐσέβιος
2244 3941 2554 4023 ἐδιωρθώ·

316 4053 526 4094 σαντο.

1403 4126 1464 4187 Β.

1030 4222 1202 4285 deest
1243 4226 1405 4305 apud
1444 4224 1851 4286 Parsonsium.

318 4314 720 4476 ueronengijo
737 4319 1238 4397 graeco-latinus
1291 4320 1677 4401 psalmorum.
1766 4322 1955 4385 edidit
2006 4322 2373 4386 Blanchinus
2417 4324 2549 4386 Ve-

307 4430 502 4473 ronae
554 4414 583 4474 1
721 4460 733 4475 .
