3169 4941
554 426 625 480 56
1428 422 1656 478 Genesis
1693 423 1778 478 15.
1815 422 1899 478 16.

552 578 886 670 σπέρματί
950 603 1070 650 σου
1142 576 1333 649 δώσω
1392 580 1509 671 τὴν
1572 583 1686 672 γῆν
1746 576 1984 669 ταύτην
2001 634 2019 665 ,
2094 573 2234 649 ἀπὸ
2292 584 2410 649 τοῦ
2471 586 2792 667 ποταμοῦ·
2809 593 2836 636 1

555 681 909 772 Αἰγύπτου
946 683 1070 766 ἕως
1108 693 1224 754 τοῦ
1266 692 1567 771 ποταμοῦ
1610 692 1724 753 τοῦ
1775 680 2052 772 μεγάλου
2092 680 2436 774 Εὐφράτου
2451 710 2467 724 ·
2561 685 2778 766 11’τοὺς

554 784 881 868 Κεναίους
923 787 1039 856 καὶ
1078 788 1231 868 τοὺς
1278 786 1665 872 Κενεζαίους
1705 787 1815 855 καὶ
1868 789 2018 868 τοὺς
2059 786 2523 872 Κεδμωναίους
2595 789 2778 856 ’θκαὶ

554 891 708 971 τοὺς
749 889 1107 972 Χετταίους
1164 893 1273 960 καὶ
1329 891 1478 972 τοὺς
1526 888 1912 980 Φερεζαίους
1962 891 2072 959 καὶ
2118 890 2268 970 τοὺς
2302 889 2610 980 Ῥαφαεὶν
2666 891 2778 960 καὶ

554 994 705 1075 τοὺς
723 991 1151 1120 Ἀμορραίους
1192 995 1301 1062 καὶ
1343 994 1495 1075 τούς
1537 992 1946 1074 Χαναναίους
2007 993 2117 1062 καὶ
2154 993 2306 1074 τούς
2345 989 2628 1076 Εὖαίους
2667 994 2778 1063 καὶ
2807 1007 2838 1053 ⁵

436 1091 526 1161 16
554 1098 708 1178 τοὺς
751 1105 813 1164 Γ
804 1094 1176 1187 εργεσαιους
1232 1097 1342 1165 καὶ
1388 1098 1540 1177 τοὺς
1595 1092 2034 1184 Ἰεβουσαίους.
2133 1093 2345 1186 1Σάρα
2400 1097 2475 1166 δὲ
2524 1097 2563 1189 ἡ
2625 1099 2776 1188 γυνὴ

552 1197 815 1286 Ἀβραμ
870 1193 985 1267 οὐκ
1033 1199 1275 1270 ετικτεν
1338 1197 1541 1290 αὐτῷ·
1613 1195 1689 1290 ἦν
1733 1199 1806 1268 δὲ
1845 1198 2008 1290 αὐτῇ
2047 1198 2363 1284 παιδίσκη
2407 1198 2776 1286 Λνγυπτία,

554 1297 597 1394 ᾗ
630 1301 833 1428 ονομα
848 1299 1071 1392 Ἅγαρ.
1168 1297 1355 1370 ἐἶπε
1394 1303 1468 1371 δὲ
1510 1303 1688 1392 Σάρα
1731 1303 1902 1392 πρὸς
1923 1300 2183 1392 Ἀβραμ
2215 1300 2378 1371 Ἰδοὺ
2417 1301 2780 1371 συνέκλεισε

555 1432 641 1499 με
682 1402 903 1495 κύριος
957 1411 1072 1473 τοῦ
1114 1406 1202 1495 μὴ
1244 1403 1517 1474 τίκτειν·
1591 1403 1855 1474 &bewe
1897 1401 2004 1473 οὖν
2045 1406 2218 1494 πρὸς
2261 1407 2374 1495 τὴν
2419 1402 2776 1494 παιδίσκην

556 1533 715 1595 μου,
755 1510 861 1576 ἵνα
903 1503 1471 1598 τεκνοποιήαωμαι
1512 1509 1587 1592 ἐξ
1620 1506 1834 1599 αὐτῆς.
1900 1505 2224 1599 υπήκουσε
2266 1508 2339 1576 δὲ
2363 1505 2640 1598 ΞΆβραμ
2668 1513 2782 1598 τῆς
2815 1533 2878 1579 10

558 1617 773 1702 φωνῆς
816 1611 1049 1701 Σάρας.
1145 1612 1297 1680 ε’καὶ
1339 1615 1635 1698 λαβοῦσα
1670 1609 1850 1702 Σάρα
1891 1609 1930 1703 ἦ
1973 1612 2122 1702 γυνὴ
2144 1610 2402 1700 Ἀβραμ
2421 1607 2506 1676 A
2509 1634 2628 1700 γαρ
2667 1611 2782 1700 τὴν

559 1712 907 1802 αἰγυπτίαν
942 1715 1057 1805 τὴν
1096 1712 1326 1804 ἑαυτῆς
1366 1714 1750 1806 παιδίσκην,
1809 1716 1973 1801 μετὰ
2016 1717 2172 1784 δέκα
2217 1713 2328 1804 ἔτη
2374 1723 2491 1782 τοῦ
2523 1713 2782 1805 οἰκῆσαι

560 1814 821 1907 Ἀβραμ
863 1817 930 1884 ἐν
968 1823 1048 1910 γῇ
1089 1814 1391 1902 Χαναάν,
1435 1817 1672 1886 ε’δωκεν
1718 1816 1922 1909 αὐτὴν
1952 1823 2047 1908 τῷ
2080 1816 2342 1906 Ἀβραμ
2369 1814 2559 1906 ἀνδρὶ
2587 1814 2784 1907 αὐτῆς

698 2096 734 2149 2
766 2094 891 2147 ante
931 2109 1029 2150 εως
1053 2094 1119 2161 4-
1145 2110 1239 2146 και
1278 2110 1335 2148 rz
1365 2092 1374 2164 Ι
1404 2095 1441 2150 2
1477 2113 1575 2148 του
1601 2096 1852 2166 μεγαλου
1878 2103 1993 2153 >z
2024 2096 2032 2161 Ι
2062 2094 2097 2147 3
2121 2111 2345 2153 κενεους
2380 2109 2448 2163 ay
2477 2092 2551 2163 [D
2572 2093 2783 2162 κεν...],

560 2196 808 2237 κιναιους
838 2195 894 2232 rz
925 2182 935 2246 Ι
965 2179 1000 2234 3
1033 2198 1161 2237 τους
1190 2180 1340 2247 prius
1365 2188 1434 2240 >
1460 2197 1487 2232 z
1518 2184 1528 2247 Ι
1558 2180 1595 2233 3
1631 2183 1938 2241 κενεξαιους
1975 2196 2037 2243 a,
2073 2180 2323 2240 νεζαιους
2357 2197 2384 2232 z
2415 2180 2426 2247 Ι
2456 2179 2491 2234 3
2530 2197 2624 2231 και
2661 2197 2786 2237 τους

558 2265 789 2320 alterum
824 2273 894 2324 >
927 2283 955 2318 z
985 2265 995 2334 Ι
1024 2266 1061 2320 3
1094 2268 1467 2338 κελμωναιους
1504 2267 1556 2320 D
1582 2265 1699 2335 [GR]
1728 2282 1786 2329 r,
1828 2266 2202 2336 κεδμοναιους
2233 2282 2263 2319 z
2293 2267 2304 2332 Ι
2333 2265 2368 2320 3
2404 2284 2498 2318 και
2533 2263 2786 2317 ultimum

560 2360 628 2410 >
662 2368 695 2406 z
746 2351 757 2420 Ι
808 2352 847 2406 4
882 2359 951 2411 >
983 2370 1014 2407 z
1056 2353 1066 2419 Ι
1108 2352 1143 2405 4
1170 2370 1430 2425 ραφαειμ
1466 2354 1543 2416 et,
1592 2371 1819 2425 ραφαιμ
1857 2368 1885 2405 1·
1932 2352 1941 2420 Ι
1989 2353 2024 2407 5
2059 2369 2410 2424 αμωρραιους
2445 2365 2503 2413 0,
2557 2369 2786 2422 αμμορ-

558 2456 754 2512 ραιους
786 2454 817 2494 z
846 2439 856 2504 Ι
886 2439 923 2495 5
955 2457 1081 2499 τους
1113 2437 1345 2507 primum
1383 2447 1450 2499 >
1492 2456 1521 2494 z
1563 2438 1572 2508 Ι
1619 2439 1653 2495 5
1687 2457 1780 2492 και
1819 2456 1946 2497 τους
1978 2435 2128 2507 prius
2162 2445 2229 2496 >
2263 2455 2290 2491 z
2331 2436 2341 2506 Ι
2383 2437 2417 2493 5
2452 2437 2578 2492 ante
2607 2454 2784 2506 χανα-

560 2542 749 2583 ναιους
778 2525 844 2594 -Ι-
868 2543 1092 2598 φαραην
1126 2543 1156 2579 z
1186 2525 1195 2593 Ι
1226 2526 1259 2579 5
1294 2544 1386 2578 και
1422 2544 1548 2584 τους
1588 2543 1810 2584 ευαιους
1849 2532 1916 2581 >
1953 2540 2038 2577 erz
2069 2526 2078 2593 Ι
2109 2524 2142 2577 5
2179 2543 2271 2577 και
2295 2522 2519 2577 tertium
2543 2532 2612 2581 >
2635 2524 2745 2575 mtz
2771 2520 2780 2590 Ι

560 2610 595 2665 6
624 2628 749 2667 τους
771 2609 919 2679 prius
937 2614 1046 2670 >z
1076 2613 1087 2680 Ι
1117 2612 1151 2667 6
1169 2625 1539 2682 revertamus-a
1558 2609 1770 2680 [γι-1)]
1803 2612 1813 2675 Ι
1843 2612 1878 2665 6
1897 2615 2302 2677 εβουσαιουςῑ.
2337 2608 2590 2663 rlexieon
2621 2608 2784 2677 „phi-

559 2694 881 2749 lonianum“
938 2696 1041 2751 1100
1087 2696 1245 2751 1110ᾶο
1281 2697 1527 2765 excerpit·
1551 2716 1798 2756 κιναιους
1829 2712 2218 2767 κεκτημενους.
2256 2699 2562 2757 κενεζαιους
2595 2709 2786 2761 κτησιν

562 2798 768 2834 amm.
822 2781 1198 2854 κεδμωναιους
1236 2783 1334 2852 [sie
1367 2781 1468 2837 1100
1502 2782 1642 2851 1000]
1692 2787 2096 2854 εμπροσθιους.
2153 2798 2444 2850 χετταιους
2495 2784 2784 2851 εξισταμε-

562 2883 690 2926 νους
705 2904 720 2919 .
764 2868 1082 2942 φερεζαιους
1120 2868 1576 2930 διασκεδαζοντας
1593 2910 1607 2922 .
1647 2884 1992 2936 χαναναιους
2021 2882 2479 2937 ητοιμασμενους
2515 2882 2784 2919 ταπεινω-

562 2968 700 3013 σεως
734 2973 766 3020 η
806 2971 878 3013 ως
927 2956 1357 3025 σαλευομενους.
1420 2973 1700 3025 ραφαιους
1745 2970 2059 3023 οιομενους.
2121 2971 2464 3028 αμορραιους
2509 2953 2785 3024 λαλουμε-

561 3055 690 3097 νους
707 3080 720 3093 .
747 3053 1111 3107 γεργεσαιους
1150 3058 1457 3112 παροικιαν
1492 3041 1909 3107 εκβεβληκοτας.
1946 3044 2295 3105 ιεβουσαιους
2319 3054 2746 3108 πεπατημενους
2773 3035 2781 3107 Ι

562 3126 599 3179 6
633 3138 810 3196 σαρρα
845 3125 874 3176 t
903 3124 913 3187 Ι
945 3125 977 3177 7
1012 3124 1138 3193 post
1169 3125 1439 3192 παιδισκη
1477 3126 1542 3194 -Ι-
1580 3146 1615 3191 η
1650 3140 1679 3178 1·
1709 3125 1718 3193 Ι
1748 3123 1783 3177 8
1819 3140 1977 3177 ειπεν
2011 3123 2165 3177 ADrt
2206 3122 2448 3191 [ssa-b]
2484 3124 2494 3190 Ι
2539 3122 2574 3176 8
2610 3137 2786 3195 σαρρα

560 3210 643 3263 mt
696 3210 707 3274 Ι
759 3208 796 3262 8
833 3210 961 3277 post
998 3216 1184 3281 αβραμ
1228 3213 1291 3276 -Ι-
1329 3228 1390 3264 εν
1424 3230 1495 3280 γη
1522 3228 1751 3281 χανααν
1786 3210 1837 3263 D
1883 3210 1998 3278 [ent
2037 3212 2284 3277 superest
2308 3209 2554 3278 χανααν]
2590 3210 2674 3272 tz,
2727 3226 2786 3261 εν

561 3312 657 3363 rm
686 3311 911 3361 χανααν
944 3296 1011 3362 -Ι-
1045 3311 1102 3348 111
1167 3296 1176 3362 Ι
1243 3296 1279 3349 8
1313 3298 1437 3364 post
1491 3295 1617 3348 ιὸου
1650 3296 1716 3363 -Ι-
1753 3294 1821 3362 δη
1858 3296 1910 3349 D
1947 3297 2091 3349 teste
2129 3294 2328 3349 Grabio
2381 3294 2654 3363 [superest
2691 3293 2751 3363 δ]
2771 3332 2785 3345 .

560 3380 641 3435 ita
674 3395 727 3433 0.
765 3377 870 3446 ηδη
910 3381 975 3447 -Ι-
1012 3382 1095 3434 mt
1145 3382 1155 3449 Ι
1208 3380 1244 3433 8
1278 3384 1628 3435 συνεκλεισεν
1658 3380 1764 3437 Δ1.
1813 3380 1872 3434 in
1919 3381 2166 3449 margine
2202 3398 2231 3434 r
2266 3381 2373 3435 ἀκυ
2409 3381 2675 3450 ἐπέσχεν·
2718 3395 2786 3432 συ

562 3469 830 3535 συνέσχεν
860 3466 871 3534 Ι
898 3464 933 3519 9
973 3483 1047 3536 με
1075 3465 1347 3530 Aabmrtz,
1384 3486 1490 3538 μοι
1518 3482 1547 3520 0
1576 3467 1588 3535 Ι
1618 3468 1653 3521 9
1688 3468 1814 3535 post
1844 3485 1920 3538 με
1955 3468 2132 3536 prima.
2165 3482 2328 3520 manu
2371 3482 2533 3535 super
2575 3480 2790 3519 uersum

562 3554 629 3620 -Ι-
669 3570 700 3603 ο
738 3551 871 3618 219
902 3568 1135 3607 τεκεινι·
1163 3554 1174 3619 Ι
1204 3554 1239 3607 9
1278 3571 1378 3606 ουν
1412 3570 1555 3627 προς
1593 3572 1625 3605 τ
1660 3553 1836 3622 prima
1875 3570 2038 3609 manu
2071 3556 2130 3608 in
2163 3569 2354 3608 rasura
2387 3552 2464 3617 A,
2511 3571 2579 3619 ην
2617 3550 2787 3604 παιδι

562 3653 706 3691 nuno
740 3639 1071 3693 euanuerunt
1099 3642 1109 3706 Ι
1138 3639 1173 3692 9
1209 3658 1309 3693 ουν
1346 3649 1414 3698 >
1450 3638 1521 3707 a'y
1551 3640 1560 3706 Ι
1606 3639 1673 3707 1Q
1707 3638 1765 3692 in
1801 3640 2045 3710 margine
2081 3656 2110 3694 r
2145 3658 2215 3691 ακ
2250 3640 2303 3692 et
2333 3657 2454 3697 πως
2485 3637 2785 3710 οὶκοδομη-
2873 3650 2887 3661 “

562 3721 847 3794 θήσομαιε
886 3730 955 3777 θε
988 3725 1037 3777 ἔι
1074 3742 1195 3783 πως
1227 3728 1475 3779 τεκνοθῶ
1512 3723 1635 3795 [sie]
1669 3726 1678 3794 Ι
1713 3726 1778 3780 10
1818 3740 2296 3796 τεκνοποιησομαι
2333 3741 2413 3788 111,
2461 3740 2786 3789 τεκνοποιη-

564 3825 681 3869 σεις
711 3808 789 3863 Az
804 3848 818 3873 ,
855 3824 1230 3878 τεκνοποιησω
1265 3810 1316 3863 D
1342 3812 1483 3865 teste
1507 3808 1732 3865 GrabiO.
1770 3810 2322 3881 ,,τεκνοποιησωμαι]
2364 3810 2446 3864 ita
2481 3809 2570 3863 LL
2598 3808 2698 3864 UU
2735 3809 2789 3861 et

561 3896 923 3966 Hieronymus
940 3936 954 3949 .
991 3894 1089 3950 ΑΛ
1111 3894 1201 3950 LL
1238 3912 1636 3971 τεκνοποιησῃς
1647 3936 1668 3965 ,
1702 3897 1845 3967 quod
1872 3900 2088 3952 secutus
2111 3898 2199 3951 est
2218 3896 2558 3959 Ambrosius,
2594 3895 2796 3963 Iohan-⁸

561 3998 658 4037 nes
694 3981 1105 4051 Chrysostomus
1140 3983 1198 4036 et
1220 3980 1419 4035 Philo“
1444 3980 1480 4036 b
1512 3982 1521 4051 Ι
1554 3982 1622 4039 10
1658 3998 1978 4051 υπηκουσεν
1999 3982 2157 4047 ADr,
2192 3996 2468 4049 επηκουσε
2493 3998 2523 4036 0
2551 3981 2562 4051 Ι
2593 3981 2662 4033 11
2686 3995 2787 4032 σα-

566 4086 665 4143 ρας
698 4066 879 4132 abem,
917 4082 1122 4141 σαρρας
1144 4068 1224 4132 rt,
1262 4085 1424 4135 αυτης
1446 4066 1495 4121 Α
1524 4070 1533 4136 Ι
1565 4068 1631 4123 11
1659 4083 1808 4143 σαρα
1831 4088 1864 4135 η
1889 4087 2028 4138 γυνη
2055 4076 2246 4144 αβραμ
2268 4078 2336 4128 >
2355 4084 2386 4121 z
2415 4068 2425 4136 Ι
2459 4067 2525 4121 11
2550 4084 2695 4139 σαρα
2717 4075 2785 4124 >

563 4153 680 4217 Da,
718 4169 895 4229 σαρρα
929 4154 986 4208 rt
1013 4151 1220 4224 [γε-εδ]
1256 4154 1266 4223 Ι
1310 4152 1377 4209 12
1425 4171 1524 4220 την
1567 4154 1878 4221 παιδισκην
1930 4172 2122 4221 εαυτης
2156 4169 2184 4206 1·
2227 4154 2236 4222 Ι
2285 4153 2441 4218 12l13
2476 4168 2614 4222 quae
2647 4152 2790 4206 inter

562 4257 707 4311 μετα
742 4239 811 4294 12
848 4240 904 4294 et
929 4258 1156 4310 χανααν
1194 4241 1261 4295 13
1295 4239 1504 4302 media,
1540 4250 1609 4299 >
1649 4256 1678 4292 z
1707 4240 1718 4307 Ι
1751 4238 1818 4293 12
1859 4253 2183 4305 συνοικησαι
2219 4256 2248 4293 1·
2279 4240 2288 4306 Ι
2323 4238 2388 4293 13
2425 4258 2513 4306 τηι
2551 4241 2659 4301 mt,
2694 4236 2786 4291 ubi

562 4342 635 4397 γῃ
672 4324 837 4378 ceteri
867 4326 877 4394 Ι
908 4325 977 4380 13
1012 4328 1139 4381 ante
1176 4327 1383 4383 εδωκεν
1420 4327 1486 4394 4-
1526 4345 1621 4379 και
1660 4325 1905 4381 ADacmt
1933 4325 1942 4393 Ι
1974 4325 2043 4380 13
2083 4343 2156 4379 τω
2194 4332 2386 4399 αβραμ
2411 4323 2560 4389 Aah,
2598 4330 2786 4397 αβραμ

561 4426 638 4461 τω
675 4408 726 4461 D
762 4408 871 4478 [Gn]
906 4426 1021 4476 erz,
1056 4418 1245 4483 αβραμ
1282 4430 1384 4465 τωι
1418 4412 1501 4464 mt
