3169 4941
2556 410 2627 467 39

335 581 366 635 1
404 576 630 635 terram
671 572 1034 635 orientalem.
1127 568 1358 635 Cetura
1407 568 1679 635 hebraeo
1741 588 2027 637 sermone
2076 569 2371 655 copulata
2426 569 2627 637 inter-

401 676 688 759 pretatur
759 675 870 739 aut
939 674 1172 738 uincta.
1293 693 1482 757 quam
1555 674 1634 739 ob
1706 693 1962 741 causam
2030 674 2430 757 suspicantur
2494 677 2626 741 He-

401 779 576 845 braei
615 780 860 845 mutato
905 776 1158 843 nomine
1205 777 1472 845 eandem
1513 796 1650 845 esse
1692 778 1889 863 Agar,
1936 798 2095 861 quae
2135 777 2332 845 Saraa
2376 782 2627 847 mortua

403 883 480 949 de
523 883 868 949 concubina
911 882 1236 949 transierit
1287 882 1354 947 in
1399 901 1676 949 uxorem.
1771 885 1835 949 et
1874 882 2126 948 uidetur
2171 882 2440 966 depositi
2496 884 2627 949 iam

333 997 370 1053 5
403 988 702 1055 Abrahae
747 987 1030 1053 excusari
1073 988 1249 1052 aetas
1269 1036 1286 1065 ,
1345 1007 1423 1051 ne
1471 1006 1659 1053 senex
1718 990 1862 1070 post
1905 988 2175 1053 mortem
2220 987 2429 1053 uxoris
2474 1006 2626 1053 suae

401 1094 656 1159 uetulae
703 1092 882 1157 nouis
915 1092 1220 1177 arguatur
1261 1091 1498 1174 nuptiis
1541 1091 1887 1157 lasciuisse.
1948 1110 2063 1156 nos
2104 1092 2271 1175 quod
2312 1091 2625 1157 incertum

401 1200 500 1263 est
543 1196 967 1280 relinquentes
1013 1196 1132 1261 hoc
1176 1194 1442 1261 dicimus
1489 1197 1653 1279 quod
1700 1196 1776 1261 de
1822 1196 2054 1263 Cetura
2094 1197 2231 1263 nati
2272 1195 2387 1260 filii
2417 1194 2626 1261 Abra-

401 1302 550 1367 ham
609 1301 784 1368 iuxta
841 1300 1175 1366 historicos
1217 1300 1653 1365 Hebraeorum
1708 1301 2155 1389 occupauerint
2206 1292 2624 1385 τρωγλοδύτιν

403 1408 470 1471 et
513 1405 850 1485 Arabiam,
885 1423 1063 1488 ‚quae
1109 1423 1274 1469 nunc
1333 1406 1601 1491 uocatur
1646 1399 1994 1487 εὐδαίμων,
2063 1424 2259 1490 usque
2308 1404 2388 1470 ad
2433 1404 2625 1469 maris

299 1520 370 1576 10
403 1511 579 1576 rubri
632 1509 955 1575 terminos.
1075 1508 1305 1575 dicitur
1359 1511 1573 1575 autem
1632 1529 1795 1574 unus
1855 1528 1928 1573 ex
1988 1510 2256 1593 posteris
2311 1507 2625 1586 Abrahae,

403 1615 509 1699 qui
567 1613 1004 1699 appellabatur
1063 1612 1218 1679 Afer
1233 1662 1248 1691 ,
1311 1613 1559 1679 duxisse
1616 1613 1915 1679 aduersus
1959 1613 2223 1697 Libyam
2283 1612 2627 1679 exercitum

401 1721 468 1784 et
515 1719 606 1784 ibi
648 1719 840 1784 uictis
882 1716 1172 1782 hostibus
1219 1717 1574 1783 consedisse
1624 1717 1878 1800 eiusque
1922 1720 2205 1801 posteros
2252 1738 2327 1782 ex
2370 1717 2624 1783 nomine

401 1824 578 1889 ataui
619 1822 906 1887 Africam
965 1840 1374 1904 nuncupasse.
1491 1822 1679 1887 huius
1722 1822 1817 1886 rei
1873 1822 2057 1887 testis
2114 1824 2212 1887 est
2248 1820 2624 1900 Alexander,

405 1928 510 2012 qui
565 1927 796 1992 dicitur
846 1926 1198 2009 polyhistor
1216 1975 1231 2004 ,
1309 1928 1374 1991 et
1423 1926 1793 1991 Cleodemus
1854 1928 2269 2011 cognomento
2312 1927 2625 2005 Malchus,

298 2042 369 2098 15
403 2050 632 2115 graeco
689 2049 974 2097 sermone
1027 2029 1363 2095 barbaram
1415 2030 1748 2096 historiam
1799 2032 2173 2096 retexentes.
2286 2030 2451 2114 quod
2512 2050 2623 2095 au-

401 2136 532 2202 tem
591 2136 680 2201 ait
732 2142 789 2201 et
825 2136 968 2217 filii
1025 2136 1248 2199 Dadan
1289 2136 1554 2216 fuerunt
1598 2135 1857 2199 Asurim
1920 2140 1975 2199 et
2018 2136 2298 2199 Latusim
2354 2142 2410 2200 et
2470 2138 2625 2200 Lao-

335 2266 358 2287 ·
401 2245 580 2318 mim,
655 2238 915 2304 Asurim
986 2239 1053 2303 in
1113 2238 1540 2322 negotiatores
1611 2238 1941 2303 transferri
2002 2241 2263 2322 putant,
2338 2240 2624 2305 Latusim

403 2344 566 2408 aeris
609 2344 885 2427 ferrique
929 2341 1192 2409 metalla
1237 2342 1558 2421 cudenteS,
1602 2342 1888 2407 Laomim
1932 2362 2083 2409 uero
2128 2337 2510 2429 φυλάρχους,
2558 2344 2624 2408 id

403 2450 502 2514 est
545 2448 858 2534 principes
903 2447 1252 2513 multarum
1307 2447 1588 2512 tribuum
1642 2448 1828 2530 atque
1884 2446 2275 2530 populorum.
2377 2446 2485 2512 alii
2544 2448 2622 2513 ab

297 2567 368 2624 20
403 2554 522 2618 hoc
564 2552 825 2619 Asurim
883 2554 1142 2618 uocatos
1199 2550 1390 2635 Syros
1449 2571 1584 2616 esse
1649 2553 2037 2618 contendunt
2096 2554 2160 2617 et
2220 2572 2257 2618 a
2306 2551 2623 2636 plerisque

399 2657 548 2724 filiis
591 2657 886 2723 Abrahae
931 2675 1004 2721 ex
1045 2656 1276 2722 Cetura
1320 2657 1657 2739 occupatas
1703 2655 1918 2722 Indiae
1966 2656 2271 2740 regiones.

574 2765 657 2826 Et
700 2766 973 2826 mortuus
1009 2767 1096 2825 est
1142 2761 1456 2824 Abraham
1494 2765 1558 2824 in
1606 2767 1896 2826 senectute
1940 2765 2089 2825 bona
2103 2811 2120 2839 ,
2181 2783 2359 2824 senem
2402 2767 2458 2825 et
2496 2765 2621 2846 ple-

397 2888 512 2930 nus
527 2915 544 2945 ,
589 2872 645 2930 et
685 2868 968 2930 collectus
1015 2871 1101 2929 est
1145 2866 1224 2929 ad
1252 2868 1552 2951 populum
1597 2887 1792 2931 suum.
1892 2864 2060 2930 male
2103 2867 2171 2928 in
2214 2865 2383 2929 LXX
2421 2865 2620 2930 inter-

398 2969 680 3054 pretibus
727 2968 1011 3034 additum
1061 2969 1156 3032 est
1201 2974 1258 3032 et
1297 2969 1571 3050 deficiens
1614 2974 1888 3032 monum*
1930 2975 2017 3032 est
2060 2969 2373 3032 Abraham
2390 3019 2405 3046 ,
2474 2968 2623 3050 quia

295 3092 366 3146 25
401 3091 528 3138 non
581 3073 876 3140 conuenit
936 3073 1230 3139 Abrahae
1291 3072 1556 3137 deficere
1616 3074 1681 3137 et
1732 3071 2037 3137 imminui.
2139 3071 2299 3137 illud
2358 3091 2621 3155 quoque,

403 3177 568 3261 quod
611 3195 724 3241 nos
767 3176 1090 3259 posuimus
1125 3181 1191 3238 in
1220 3182 1511 3241 senectute
1553 3180 1704 3241 bona
1734 3199 1915 3241 senex
1956 3183 2012 3241 et
2041 3180 2295 3262 plenus,
2339 3176 2405 3240 in
2436 3195 2621 3260 grae-

401 3280 492 3346 cis
529 3275 848 3346 codicibus
892 3280 1146 3364 ponitur
1179 3283 1401 3364 plenus
1447 3282 1701 3345 dierum.
1810 3279 1976 3363 quod
2023 3300 2166 3345 cum
2222 3299 2491 3345 sensum·
2523 3279 2622 3344 ui-

401 3384 624 3450 deatur
670 3403 1004 3468 exponere,
1049 3403 1122 3449 eo
1172 3382 1336 3466 quod
1378 3383 1518 3448 luce
1567 3387 1631 3449 et
1676 3383 1800 3448 diei
1844 3384 2133 3466 operibus
2180 3383 2403 3467 plenus
2436 3403 2622 3448 occu—

402 3489 643 3566 buerit,
682 3490 898 3553 tamen
945 3487 1152 3572 magis
1197 3487 1278 3552 ad
1323 3477 1657 3573 ἀναγωγὴν
1699 3487 1871 3565 facit,
1918 3485 1973 3550 si
2017 3485 2384 3569 simpliciter
2422 3505 2619 3569 pona-

293 3605 366 3660 30
399 3595 504 3658 tur
538 3595 777 3677 plenus,

540 3727 608 3780 16
645 3727 754 3777 Gen
794 3725 879 3789 25,
918 3727 952 3780 3
983 3725 993 3792 Ι
1023 3725 1093 3780 22
1132 3727 1242 3776 Gen
1278 3724 1363 3787 25,
1401 3723 1435 3776 8

539 3845 573 3899 2
612 3845 784 3895 iuncta
817 3862 854 3912 γ
889 3855 936 3894 et
969 3853 1026 3894 ut
1059 3846 1254 3893 uidetur
1289 3847 1346 3908 β,
1386 3843 1567 3906 uincta,
1598 3851 1651 3891 ut
1685 3843 1880 3890 uidetur
1916 3859 1977 3909 φ.
2050 3839 2183 3912 ‘'lt-⁴21>
2223 3843 2370 3902 Syris
2407 3839 2569 3904 ἔδησε
2609 3839 2617 3910 Ι

397 3929 434 3984 4
469 3931 532 3982 ad
567 3946 777 3981 uxorem
815 3950 860 4000 φ
903 3929 913 3996 Ι
953 3929 989 3984 4
1022 3929 1244 3994 depositi
1282 3933 1428 3998 βγφ,
1479 3927 1728 3993 decrepiti
1763 3945 1797 3988 ς
1844 3927 1851 3993 Ι
1897 3925 1931 3980 5
1968 3927 2193 3978 habrahe
2230 3927 2485 3978 excussari
2523 3945 2569 3996 φ
2608 3925 2616 3996 Ι

397 4017 432 4072 5
465 4033 586 4067 suae
607 4023 674 4073 >
695 4037 738 4086 φ
771 4015 780 4082 Ι
814 4015 848 4070 8
881 4032 1059 4082 'rpwro
1089 4015 1266 4065 dv'rhN
1289 4017 1633 4079 frisinqensie,
1674 4023 2044 4066 οΡωΓοΔῙΘΗΝ
2069 4016 2267 4077 berolin,
2304 4027 2619 4062 'erTOAmN

395 4107 604 4166 waplam
633 4103 642 4170 Ι
676 4104 746 4158 10
782 4103 1041 4154 habrahae
1067 4122 1112 4172 ψ
1145 4101 1154 4168 Ι
1186 4102 1252 4154 11
1289 4100 1554 4150 aduersum
1570 4119 1613 4169 φ
1646 4101 1654 4164 Ι
1690 4099 1758 4152 14
1792 4099 2016 4150 malebas
2042 4118 2086 4168 φ
2118 4096 2124 4166 Ι
2151 4099 2216 4152 16
2252 4099 2439 4148 asurim
2469 4095 2617 4169 βγφΙ

399 4190 555 4256 16s17
595 4191 800 4240 latosim
835 4194 886 4240 et
919 4190 1176 4241 laommim
1205 4183 1280 4256 φΙ
1322 4186 1478 4251 16117
1515 4186 1723 4236 loamim
1758 4203 1795 4252 y
1828 4191 1835 4252 Ι
1870 4175 1933 4238 17
1972 4186 2159 4236 asorim
2198 4183 2275 4253 φΙ
2316 4184 2380 4238 17
2415 4185 2621 4235 latusim

396 4295 442 4345 φ
475 4274 482 4341 Ι
517 4275 585 4328 18
617 4275 880 4326 laommim
915 4294 961 4344 φ
1025 4275 1034 4341 Ι
1099 4273 1166 4328 18
1202 4273 1459 4340 fylarehus
1499 4292 1572 4342 φ,
1620 4272 1859 4321 filarchos
1896 4277 1970 4339 βγ
2037 4281 2045 4339 Ι
2111 4271 2179 4325 22
2213 4272 2488 4322 habraham
2524 4291 2569 4342 φ
2608 4269 2617 4341 Ι

396 4359 468 4418 24
499 4361 742 4414 abraham
775 4367 1006 4414 mortuus
1041 4365 1119 4415 est
1158 4365 1193 4429 β
1223 4359 1233 4428 Ι
1264 4359 1334 4414 29
1373 4353 1677 4430 ἀναγωγὴν
1710 4373 1881 4426 qraeoe
1900 4361 2114 4427 frisinq,
2148 4373 2416 4426 anagogen
2454 4363 2529 4430 βγ
