3169 4941
572 428 675 487 182
1441 422 1670 480 Genesis
1703 424 1792 481 43.
1838 423 1927 481 44.

572 583 869 665 ἑαυτούς·
916 582 1315 673 ἐμεγαλύνθη
1359 582 1433 652 δὲ
1477 580 1516 673 ἡ
1557 582 1746 672 μερὶς
1783 582 2092 667 Βενιαμὶν
2145 583 2328 673 παρὰ
2371 583 2490 663 τὰς
2531 580 2803 673 μερίδας
2843 607 2870 651 1

576 690 857 774 πάντων,
900 685 1413 768 πενταπλασίως
1453 689 1624 777 πρὸς
1663 688 1782 767 τὰς
1827 684 2104 756 ἐκείνων.
2163 683 2356 755 ἔπιον
2401 686 2476 755 δὲ
2503 686 2618 755 καὶ
2651 686 2801 772 ἐμε-

450 806 549 874 44
578 794 933 883 θύσθησαν
995 794 1133 877 μετ’
1186 789 1402 860 αὐτοῦ.
1502 796 1526 835 ²
1542 791 1652 859 καὶ
1703 788 2061 859 ἐνετείλατο
2125 789 2162 859 ὃ
2205 787 2454 880 Ἰωσὴφ
2507 796 2601 879 τῷ
2657 787 2802 859 ὄντι

577 898 699 967 ἐπὶ
736 902 851 987 τῆς
891 894 1109 976 οἰκίας
1152 893 1351 963 αὐτοῦ
1392 896 1595 982 λέγων
1642 893 1950 984 Πλήσατε
1991 894 2142 974 τοὺς
2201 893 2630 984 μαρσίππους
2673 901 2800 961 τῶν

574 995 945 1091 ἀνθρώπων
986 995 1345 1089 βρωμάτων
1358 1052 1375 1083 ,
1422 998 1547 1067 ὅσα
1596 997 1710 1068 ἐὰν
1755 994 2062 1067 δύνωνται
2109 992 2262 1087 ἆραι
2275 1051 2291 1083 ,
2339 997 2452 1066 καὶ
2491 997 2802 1084 ἔμβάλετε
2835 1023 2870 1071 5

572 1099 847 1175 ἑκάστου
887 1104 965 1173 τὸ
1007 1100 1309 1193 ἀργύριον
1354 1101 1473 1169 ἐπὶ
1514 1106 1632 1171 τοῦ
1675 1098 2005 1188 στόματος
2043 1108 2158 1171 τοῦ
2185 1099 2602 1190 μαρσίππου.
2647 1106 2673 1145 ²
2689 1100 2805 1169 καὶ

568 1208 649 1277 τὸ
696 1203 888 1277 κόνδυ
920 1230 1047 1292 μου
1093 1206 1173 1273 τὸ
1216 1203 1531 1294 ἀργυροῦν
1576 1203 1888 1291 ἐμβάλετε
1945 1203 2040 1285 εἷς
2093 1204 2208 1273 τὸν
2253 1201 2647 1295 μάρσιππον
2685 1210 2802 1272 τοῦ

570 1311 879 1401 νεωτέρου
950 1310 1061 1378 καὶ
1120 1311 1236 1400 τὴν
1293 1310 1485 1398 τιμὴν
1544 1316 1662 1377 τοῦ
1708 1307 1894 1378 σίτου
1939 1307 2150 1379 αὐτοῦ.
2209 1306 2480 1399 ἐγενήθη
2524 1309 2598 1378 δὲ
2633 1311 2800 1377 κατὰ

570 1417 650 1485 τὸ
706 1419 876 1507 ῥῆμα
921 1407 1170 1504 Ἰωσὴφ
1220 1414 1448 1493 καθὼς
1500 1406 1668 1483 εἶπε.
1765 1418 1791 1457 ⁸
1816 1414 1894 1481 τὸ
1953 1413 2131 1500 πρωὶ
2174 1413 2516 1502 διέφαυσε,
2572 1414 2684 1481 καὶ
2735 1409 2801 1481 οἱ

570 1515 926 1608 ἅνθρωποι
966 1514 1429 1607 ἀπεστάλησαν
1442 1570 1459 1601 ,
1505 1510 1691 1586 αὐτοὶ
1736 1517 1846 1585 καὶ
1883 1515 1947 1585 οἱ
1971 1514 2124 1612 ,ὄνοι
2165 1510 2387 1585 αὐτῶν.
2451 1512 2801 1599 *ἐξελθόν-
2839 1548 2905 1594 10

568 1648 701 1691 των
738 1622 813 1691 δὲ
852 1616 1065 1691 αὐτῶν
1099 1621 1217 1710 τὴν
1274 1618 1473 1689 πόλιν
1532 1618 1648 1689 οὔκ
1708 1618 2000 1704 ἀπέσχον
2056 1617 2336 1710 μακράν,
2402 1620 2515 1689 καὶ
2551 1618 2800 1710 Ἰωσὴφ

570 1719 721 1795 εἶπε
766 1729 866 1815 τῷ
919 1724 1039 1793 ἐπὶ
1096 1730 1215 1814 τῆς
1270 1722 1483 1805 οἰκίας
1532 1717 1730 1793 αὐτοῦ
1783 1722 2110 1806 Ἀναστὰς
2166 1722 2518 1807 ἐπιδίωξον
2578 1722 2798 1793 ὀπίσω

570 1835 699 1898 τῶν
736 1822 1113 1917 ἀνθρώπων
1165 1827 1280 1896 καὶ
1335 1825 1688 1918 καταλήψῃ
1739 1821 1974 1909 αὐτούς
1987 1881 2004 1913 ,
2081 1829 2192 1896 καὶ
2231 1829 2402 1916 ἐρεῖς
2443 1825 2664 1909 αὐτοῖς
2711 1826 2800 1896 Τί

570 1930 677 2001 ὅτι
716 1930 1217 2000 ἀνταπεδῶκατε
1258 1932 1515 2021 πονηρὰ
1558 1925 1705 1999 ἀντὶ
1747 1934 2000 2017 noemae,-
2054 1935 2164 2000 ἵνα
2205 1930 2273 2000 τί
2311 1931 2638 2022 ἔκλε’ψατέ
2672 1956 2796 2017 μου

570 2037 649 2106 τὸ
692 2034 885 2105 κόνδυ
920 2036 999 2104 τὸ
1036 2033 1381 2124 ἀργυροῢνς
1446 2028 1560 2103 ὖοῦ
1600 2035 1790 2103 τοῦτό
1833 2035 2030 2120 ἐστιν,
2079 2036 2150 2104 ἐν
2193 2027 2248 2125 ᾧ
2291 2035 2466 2105 πίνει
2511 2033 2548 2105 ὃ
2588 2036 2801 2123 κύριός
2839 2062 2904 2109 15

572 2163 730 2224 mm,-
774 2136 965 2220 αὐτὸς
1008 2139 1083 2208 δὲ
1128 2137 1461 2227 οἶωνισμῷ
1522 2136 1883 2222 οἶωνίζεται
1923 2139 1994 2208 ἑν
2033 2138 2210 2229 αὐτῷ
2225 2164 2240 2179 ·
2292 2141 2542 2231 πονηρὰ
2585 2162 2799 2208 συντε-

570 2240 869 2311 τελέκατε
910 2236 957 2311 ὃ
994 2241 1418 2332 πεποιήκατε.
1486 2248 1513 2287 ⁶
1526 2241 1724 2333 εὑρὼν
1765 2242 1840 2311 δὲ
1885 2236 2120 2325 αὐτοὺς
2162 2238 2347 2312 εἶπεν
2391 2240 2610 2325 αὐτοῖς
2637 2243 2803 2311 κατὰ

715 2535 748 2590 1
784 2553 981 2594 mov:
1014 2535 1297 2592 ADFemt.
1332 2537 1369 2590 b
1402 2536 1461 2592 in
1496 2536 1743 2606 margine
1782 2536 1928 2601 „AA
1949 2537 2040 2591 LL
2077 2523 2216 2612 πρὸς
2250 2537 2497 2596 ᾶωουμ(
2543 2539 2554 2602 ι
2602 2539 2633 2592 1
2671 2553 2800 2608 εμε-

574 2622 826 2692 γαληνθη
862 2638 891 2674 z
930 2621 939 2690 Ι
986 2621 1017 2674 1
1053 2629 1347 2693 βενιαμειν
1378 2623 1559 2678 ADFx
1601 2624 1612 2693 Ι
1654 2623 1688 2677 2
1724 2642 1863 2698 προς
1896 2643 1994 2683 τας
2028 2641 2254 2679 εκεινων
2290 2634 2359 2684 >
2396 2641 2430 2677 x
2458 2626 2467 2692 Ι
2507 2623 2802 2694 213,επιον

574 2706 641 2761 δε
677 2725 772 2760 και
809 2713 1213 2778 εμεθυσθησαν
1246 2726 1353 2779 μετ
1388 2727 1557 2763 αυτου
1595 2721 1664 2770 >
1701 2728 1729 2763 z
1761 2710 1770 2779 Ι
1799 2711 1835 2766 3
1875 2730 1906 2763 ο
1945 2719 2012 2769 >
2048 2708 2146 2764 AD
2170 2710 2287 2780 [GR]
2311 2711 2532 2766 Fomtxz
2561 2712 2570 2778 Ι
2611 2711 2646 2765 3
2681 2727 2802 2764 οντι

574 2802 643 2852 >
679 2809 709 2847 ο
736 2793 749 2861 Ι
776 2791 813 2846 4
850 2810 1059 2853 οικειας
1092 2794 1142 2847 A
1172 2794 1181 2865 Ι
1212 2796 1249 2850 4
1281 2810 1599 2870 μαρσιπους
1633 2815 1662 2849 z
1693 2798 1702 2865 Ι
1735 2799 1766 2852 5
1802 2799 1928 2865 post
1963 2803 2281 2871 ανθρωπων
2312 2797 2377 2864 -Ι-
2416 2815 2623 2852 τουτων
2667 2799 2749 2851 mt
2788 2797 2798 2866 Ι

574 2879 609 2934 5
643 2879 971 2953 βρωματων]
1010 2895 1165 2934 σιτου
1203 2884 1286 2935 mt
1314 2885 1323 2946 Ι
1354 2881 1390 2936 5
1424 2897 1563 2936 οσον
1595 2885 1679 2938 mt
1707 2884 1718 2951 Ι
1767 2883 1799 2937 5
1835 2901 1906 2936 αν
1943 2883 2215 2937 δυνανται
2249 2903 2380 2957 αραι
2417 2899 2476 2938 ez
2491 2924 2505 2948 ,
2552 2902 2622 2938 αν
2657 2901 2801 2955 αρω-

574 2979 669 3019 σιν
702 2967 848 3029 mt¹‚
887 2983 957 3019 αν
998 2983 1171 3040 αρωοι
1206 2968 1273 3020 t²
1300 2974 1311 3036 Ι
1341 2967 1377 3022 5
1413 2971 1722 3037 εμβαλαται
1756 2968 1805 3022 A
1842 2970 2021 3039 [aliter
2055 2985 2119 3025 ac
2153 2971 2318 3040 uulgo
2355 2969 2642 3040 traditurJ,
2701 2987 2799 3039 εμ-

574 3053 783 3119 βαλπε
814 3051 864 3106 D
892 3051 1009 3120 [GR]
1028 3091 1042 3115 ,
1078 3055 1340 3122 εμβαλεις
1376 3056 1459 3106 mt
1488 3056 1497 3119 Ι
1528 3055 1563 3108 6
1593 3073 1658 3107 το
1694 3074 1958 3129 αργυριον
1995 3071 2228 3110 εκαστου
2265 3074 2293 3110 z
2306 3096 2322 3121 ‚
2372 3074 2642 3130 αργυριον
2674 3075 2801 3109 εκα-

576 3149 711 3190 στου
748 3136 945 3191 omisso
984 3155 1045 3190 το
1080 3155 1113 3190 x
1144 3139 1153 3208 Ι
1184 3141 1217 3194 6
1252 3157 1489 3214 αγυριον
1524 3155 1554 3193 ο
1582 3141 1594 3207 Ι
1624 3142 1657 3195 6
1697 3156 1990 3216 μαρσιπου
2026 3160 2055 3195 z
2085 3144 2095 3208 Ι
2133 3144 2168 3197 6
2200 3145 2326 3211 post
2360 3158 2698 3217 μαρσιππου
2733 3144 2799 3211 -Ι-

576 3239 744 3274 αυτου
780 3221 830 3274 A
890 3223 900 3291 Ι
968 3224 1000 3277 7
1035 3223 1209 3278 κονδυ
1245 3225 1492 3293 Lagarde
1529 3225 1948 3296 abhandlungen
1982 3228 2112 3293 212,
2153 3228 2217 3283 11
2235 3267 2249 3281 .
2290 3269 2322 3294 ‚,
2338 3229 2539 3298 Aquila
2569 3243 2802 3301 σκυφος,

576 3305 927 3378 Symmachus
960 3303 1214 3380 φιαλητῖ“
1248 3311 1283 3365 b
1316 3312 1325 3379 Ι
1357 3311 1388 3364 7
1426 3317 1701 3382 εμβαλατε
1735 3313 1835 3368 AD
1866 3315 1974 3384 [GR]
1991 3355 2005 3378 ‚
2046 3318 2305 3385 εμβαλεῖς
2343 3318 2448 3380 mt,
2489 3319 2695 3387 εμβαλε
2731 3333 2761 3370 z
2789 3316 2798 3386 Ι

576 3395 608 3447 7
646 3412 712 3448 το
746 3410 1103 3468 μαρσιππιον
1137 3413 1166 3448 z
1196 3396 1207 3466 Ι
1248 3399 1283 3453 8
1320 3417 1487 3452 αυτου
1522 3410 1594 3458 >
1628 3400 1673 3454 F
1713 3400 1722 3469 Ι
1767 3403 1802 3456 8
1842 3406 2114 3469 sysaram-‘hy
2151 3416 2184 3453 a
2221 3400 2354 3470 [non
2375 3400 2466 3470 ιγ]
2516 3400 2526 3471 Ι
2574 3404 2610 3458 9
2645 3418 2804 3456 ειπεν

573 3480 808 3536 AFt¹x1
874 3482 883 3550 Ι
960 3483 993 3536 9
1030 3501 1107 3536 τω
1144 3503 1292 3559 πρωι
1330 3500 1414 3549 m,
1450 3504 1550 3540 τωι
1584 3504 1731 3561 πρωι
1772 3488 1827 3551 t,
1867 3506 1930 3540 το
1965 3485 2031 3541 δε
2067 3503 2217 3557 πρωι
2253 3505 2282 3540 z
2349 3489 2358 3556 Ι
2423 3487 2458 3540 9
2495 3488 2803 3558 διεφαυσεν

573 3567 800 3624 AF0t¹x
816 3573 860 3633 ¹,
888 3567 950 3622 δε
970 3585 1181 3642 εφαυσε
1199 3586 1267 3640 ay
1292 3572 1345 3641 [⁴¹
1354 3590 1413 3625 εν
1428 3572 1515 3643 511
1538 3575 1608 3630 10
1627 3572 1949 3647 ανθρωποι]
1973 3574 2168 3648 ανδρες
2191 3592 2219 3626 z
2238 3575 2245 3642 Ι
2262 3575 2330 3628 10
2355 3576 2804 3641 εξαπεσταλησαν

572 3654 775 3724 ΡαιῑιὺΙ
807 3656 877 3709 10
912 3657 1057 3726 ονοι]
1096 3664 1387 3733 ανθρωποι
1426 3675 1459 3713 a
1476 3699 1490 3712 .
1544 3659 1748 3714 clarum
1795 3675 1918 3714 eum
1954 3663 2082 3713 ἶν’ὅι
2131 3677 2250 3715 oum
2289 3679 2411 3714 ονοι
2443 3660 2748 3716 confudisse
2791 3659 2800 3730 Ι

576 3740 729 3811 10111
772 3759 951 3796 αυτ-ων
986 3743 1051 3794 δε
1092 3746 1428 3804 &emmam
1462 3763 1495 3798 x
1537 3747 1549 3812 Ι
1595 3746 1661 3800 11
1696 3748 1824 3813 post
1859 3765 2038 3800 αυτων
2073 3747 2138 3814 -Ι-
2178 3765 2256 3806 εις
2290 3762 2345 3800 m
2389 3748 2397 3815 Ι
2455 3747 2610 3817 11112
2645 3765 2804 3803 ειπεν

576 3841 763 3898 ιωσηφ
799 3843 832 3880 x
880 3827 889 3896 Ι
940 3827 1007 3881 12
1044 3845 1202 3883 ειπεν
1233 3829 1447 3884 AEmt¹
1479 3831 1488 3900 Ι
1538 3833 1606 3886 12
1639 3833 1768 3900 post
1803 3851 1971 3886 αυτου
2007 3834 2072 3900 -Ι-
2110 3836 2286 3903 leym
2319 3834 2468 3902 Aayz
2497 3835 2506 3902 Ι
2540 3836 2607 3889 12
2634 3853 2802 3888 κατα-

576 3913 780 3974 διωξον
812 3929 896 3977 m,
934 3915 1265 3977 επιδειωξον
1299 3919 1327 3970 t
1380 3917 1389 3985 Ι
1444 3919 1511 3973 13
1546 3920 1676 3986 post
1705 3924 2028 3992 ανθρωπων
2060 3921 2125 3987 -Ι-
2164 3939 2378 3974 τουτων
2416 3939 2444 3973 z
2500 3921 2508 3989 Ι
2574 3921 2641 3976 13
2678 3923 2806 3989 post

576 4019 671 4054 και
703 3999 853 4069 prius
892 4004 957 4066 -Ι-
993 4017 1043 4054 ει
1078 4017 1134 4056 m
1182 4003 1191 4069 Ι
1254 4003 1323 4058 13
1357 4008 1700 4077 καταλημψη
1737 4004 1858 4069 AF,
1907 4017 2252 4076 καταμεμψη
2289 4022 2380 4075 ay,
2418 4010 2726 4076 καταληψει
2759 4009 2803 4071 t,

576 4089 904 4156 καταλειψει
943 4105 972 4140 z
1021 4088 1030 4156 Ι
1082 4089 1150 4144 14
1184 4090 1506 4146 απεδωκατε
1543 4108 1607 4144 xz
1638 4094 1648 4159 Ι
1682 4091 1749 4146 14
1781 4095 1910 4146 ante
1955 4110 2170 4166 πονηρα
2207 4093 2272 4160 -Ι-
2309 4114 2416 4165 μοι
2447 4092 2496 4146 A
2541 4095 2548 4162 Ι
2593 4093 2662 4147 14
2683 4114 2803 4164 ,μου

575 4181 642 4231 >
679 4171 725 4226 F
766 4176 776 4240 Ι
821 4173 891 4229 15
926 4188 1078 4227 εστιν
1112 4183 1181 4233 >
1215 4174 1402 4245 1)[οΒ]
1446 4177 1457 4244 Ι
1499 4179 1568 4234 15
1607 4195 1798 4232 πιννει
1827 4181 1892 4233 ut
1926 4177 2143 4232 uidet-m·
2176 4180 2284 4248 ¹¹!
2335 4167 2403 4234 1'6
2439 4181 2518 4249 εν]
2563 4197 2632 4233 επ
2671 4183 2754 4236 mt
2791 4179 2799 4250 Ι

578 4256 731 4328 16117
773 4263 1193 4314 συντετελεσθαι
1237 4261 1318 4329 A,
1366 4267 1754 4318 συντετελεσθε
1793 4265 1843 4320 D
1877 4267 1995 4332 [Gn]
2021 4265 2090 4328 F,
2142 4269 2574 4321 συνετελεσασθε
2623 4283 2686 4320 01
2723 4267 2806 4336 [in

575 4359 609 4396 x
644 4351 689 4396 θ
734 4343 1005 4400 recentius
1016 4345 1095 4416 ¹?],
1154 4351 1539 4404 συνετελεσατε
1588 4353 1692 4415 mt,
1753 4354 2170 4406 συντετελεσται.
2219 4371 2248 4406 z
2317 4354 2324 4421 Ι
2394 4353 2460 4406 17
2512 4353 2575 4406 δε
2609 4363 2678 4412 >
2715 4357 2742 4406 t
2791 4351 2802 4422 Ι

580 4427 647 4482 17
680 4431 809 4496 post
849 4449 1051 4490 αυτους
1084 4435 1151 4499 -Ι-
1183 4453 1216 4486 ο
1250 4440 1555 4507 ανθρωπος
1593 4453 1626 4492 a
1656 4441 1666 4503 Ι
1698 4437 1765 4493 17
1802 4454 1925 4491 ems
1960 4453 2016 4492 m
2047 4438 2056 4508 Ι
2089 4439 2155 4493 17
2193 4457 2384 4498 αυτοις
2419 4449 2488 4500 >
2522 4455 2578 4492 m
