3169 4941
551 420 624 476 92
1490 418 1719 475 Genesis
1753 418 1841 475 24.

509 581 518 586 ’
552 608 733 672 τρέχε
750 606 763 621 ·
821 581 935 650 καὶ
977 578 1147 651 ἔστω
1187 584 1335 673 γυνὴ
1373 586 1470 670 τῷ
1511 580 1633 669 υἱῷ
1672 586 1787 649 τοῦ
1830 576 2051 669 κυρίου
2092 600 2209 647 σου
2264 580 2448 648 καθὰ
2507 579 2778 671 ἕλάλησε
2820 604 2845 647 1

552 686 785 774 κύριος.
881 690 943 729 ⁵²
958 684 1204 773 ἐγένετο
1246 685 1320 753 δὲ
1363 684 1432 753 έν
1472 690 1566 774 τῷ
1607 678 1883 753 οἰκοῦσαι
1922 684 2037 752 τὸν
2077 687 2290 752 παῖδα
2331 688 2447 753 τοῦ
2473 676 2777 773 ,Ἀβραὰμ

550 797 679 857 τῶν
729 786 1028 881 ῥημάτων
1089 782 1323 918 αὖτίῶν,
1388 784 1861 879 προσεκύνησεν
1916 786 2033 855 ἐπὶ
2090 789 2209 878 τὴν
2266 792 2381 878 γῆν
2423 794 2518 877 τῷ
2561 788 2777 877 κυρίῳ.

559 896 744 964 ὅθκαὶ
800 893 1131 981 εξενέγκας
1182 892 1218 964 ὁ
1287 900 1451 975 παῖς
1516 889 1708 983 σκεύη
1754 885 1995 983 αργυρᾶ
2050 918 2164 960 και
2210 897 2419 978 χρυσοῖ
2469 894 2581 960 καὶ
2626 890 2777 979 ἱμα-

549 999 784 1084 τισμὸν
859 996 1060 1067 ἔδωκε
1129 1005 1209 1089 τῇ
1273 998 1608 1087 Ῥεβέκκα,
1685 998 1799 1064 καὶ
1868 999 2047 1084 δῶρα
2104 993 2307 1065 ἔδωκε
2359 1002 2457 1085 τῷ
2510 987 2783 1089 αδελφῷ
2814 1014 2844 1061 5

551 1096 746 1193 αὐτῆς
786 1130 899 1171 και
939 1108 1022 1194 τῇ
1061 1103 1254 1193 μητρὶ
1297 1095 1506 1193 αὐτῆς.
1571 1105 1633 1144 ⁵⁴
1647 1100 1762 1168 καὶ
1792 1097 2032 1191 έῖραγον
2069 1101 2183 1168 καὶ
2214 1098 2407 1168 ε’πιον
2437 1101 2552 1169 καὶ
2580 1094 2778 1181 αὗτὸς

551 1207 664 1276 καὶ
719 1232 782 1275 οι
842 1205 1061 1296 ἄνδρες
1115 1234 1178 1275 οι
1234 1210 1372 1293 μετ’
1417 1199 1612 1275 αὐτοῦ
1662 1201 1871 1289 ὄντες,
1948 1232 2060 1273 και
2112 1204 2575 1296 ἐκοιμήθησαν.
2664 1207 2778 1274 καὶ

551 1305 839 1392 ἀναστὰς
878 1312 955 1381 τὸ
1003 1313 1182 1401 πρωὶ
1222 1305 1406 1379 εἶπεν
1457 1304 1889 1399 Ἐκπέμψατέ
1944 1335 2027 1395 με
2046 1363 2062 1393 ,
2126 1311 2236 1375 ἵνα
2279 1301 2563 1379 ἀπέλθω
2607 1311 2778 1399 πρὸς

549 1417 665 1485 τὸν
702 1412 918 1505 κύριόν
971 1441 1114 1501 μου.
1212 1419 1272 1457 ⁵⁵
1289 1409 1487 1483 εἶπαν
1545 1415 1619 1483 δὲ
1662 1412 1727 1481 οἳ
1763 1407 2039 1503 ἀδελφοὶ
2100 1405 2295 1505 αὐτῆς
2332 1414 2445 1482 καὶ
2488 1410 2528 1503 ἡ
2570 1413 2775 1506 μήτηρ

551 1518 862 1587 Μεινάτω
902 1517 940 1609 ἦ
987 1518 1324 1607 παρθένος
1360 1521 1516 1605 μεθ’
1562 1516 1741 1608 ἡμῶν
1771 1517 2014 1607 ἡμέρας
2043 1514 2201 1585 ὡσεὶ
2230 1517 2419 1602 δέκα,
2466 1518 2579 1585 καὶ
2606 1520 2771 1604 μετὰ
2816 1538 2881 1585 10

549 1629 750 1693 ταῦτα
812 1617 1250 1691 ἀπελεύσεται.
1349 1620 1458 1691 ⁵⁶6
1501 1622 1576 1690 δὲ
1620 1614 1771 1689 εἷπε
1829 1620 2002 1710 πρὸς
2046 1613 2276 1701 αὐτοὺς
2312 1622 2432 1712 Μὴ
2476 1621 2777 1705 κατέχετέ

549 1752 659 1815 με·
718 1728 832 1796 καὶ
877 1727 1094 1817 κύριος
1149 1719 1444 1795 εὖώδωσε
1495 1726 1613 1817 τὴν
1666 1720 1818 1795 ὁδόν
1863 1750 1989 1810 μου
2032 1722 2098 1791 έν
2132 1722 2309 1810 ἐμοί·
2382 1724 2777 1815 έκπέμψατέ

552 1859 664 1919 με,
712 1835 821 1899 ἵνα
866 1825 1152 1899 ἀπέλθω
1198 1831 1372 1918 πρὸς
1410 1829 1526 1899 τὸν
1566 1826 1781 1918 κύριόν
1820 1855 1962 1914 μου.
2031 1832 2093 1870 ⁵⁷
2110 1825 2174 1895 οὶ
2203 1827 2277 1895 δὲ
2319 1821 2514 1896 εἶπαν
2557 1828 2776 1897 Καλέ-

550 1958 763 2020 σωμεν
821 1937 936 2025 τὴν
990 1937 1204 2002 παῖδα
1262 1934 1375 2001 καὶ
1419 1929 1838 2024 έρωτήσωμεν
1898 1933 1975 2001 τὸ
2027 1927 2241 2017 στόμα
2284 1925 2494 2022 αὐτῆς.
2588 1932 2777 2001 58καὶ
2875 1955 2885 1963 ·

549 2039 859 2107 ἐκάλεσαν
911 2040 1028 2128 τὴν
1080 2037 1420 2124 Ῥεβέκκαν
1480 2037 1594 2104 καὶ
1640 2030 1835 2103 εἶπαν
1892 2029 2052 2127 αὐτῇ
2095 2032 2395 2126 Πορεύσῃ
2447 2037 2613 2122 μετὰ
2658 2042 2775 2106 τοῦ
2814 2052 2878 2097 15

548 2138 910 2232 ἀνθρώπου
955 2138 1216 2224 τούτου,·
1258 2139 1298 2232 ἡ
1337 2140 1409 2209 δὲ
1451 2134 1603 2208 εἶπε
1632 2140 2067 2230 Πορεύσομαι.
2159 2144 2219 2184 ⁵⁹
2231 2141 2345 2209 καὶ
2387 2140 2772 2232 ἐξέπεμψαν

540 2246 880 2333 Ῥεβέκκαν
924 2247 1040 2337 τὴν
1086 2232 1372 2335 ἀδελφὴν
1411 2238 1623 2313 αὐτῶν
1665 2245 1777 2313 καὶ
1820 2245 1905 2311 τὰ
1952 2243 2323 2333 ὑπάρχοντα
2367 2238 2587 2334 αὐτῆς,
2658 2246 2773 2313 καὶ

549 2351 664 2422 τὸν
716 2354 930 2419 παῖδα
984 2357 1099 2419 τοῦ
1133 2343 1434 2440 ,Ἀβραὰμ
1491 2350 1607 2418 καὶ
1660 2349 1811 2430 τοὺς
1866 2353 2005 2435 μετ’
2051 2342 2259 2417 αὐτοῦ.
2357 2350 2544 2418 θοκαὶ
2593 2342 2773 2420 εὐλό-

548 2622 697 2677 schol
732 2643 763 2676 ο
797 2637 960 2698 συρος
1005 2642 1039 2689 η
1088 2625 1260 2675 καλον
1290 2641 1324 2688 η
1359 2638 1532 2674 κακον
1547 2623 1579 2647 “
1612 2618 1648 2674 b
1672 2627 1740 2662 ¹¹²⁸
1805 2619 1812 2688 Ι
1877 2618 1945 2674 18
1981 2636 2223 2673 ενωπιον
2255 2617 2481 2685 Aabmt,
2520 2637 2773 2674 εναντιον

546 2711 597 2763 D
624 2709 741 2779 [6Β]
777 2725 834 2762 oz

685 2795 716 2848 1
759 2797 1026 2861 ελαλησεν
1058 2791 1170 2846 At1
1215 2794 1224 2861 Ι
1268 2792 1303 2845 2
1337 2793 1464 2861 post
1499 2811 1689 2863 κυριος
1724 2793 1791 2859 -Ι-
1834 2812 1864 2845 ο
1904 2797 2035 2850 θεος
2068 2809 2096 2845 z
2138 2791 2149 2861 Ι
2194 2793 2228 2847 2
2260 2811 2360 2845 του
2396 2792 2628 2858 abcmtz‚
2669 2813 2773 2847 τον

543 2881 642 2936 AD
681 2882 952 2951 [superest
985 2898 1018 2933 ν
1054 2882 1180 2934 ante
1217 2879 1463 2953 αβρααμ]
1496 2878 1504 2946 Ι
1536 2878 1571 2930 8
1606 2896 1785 2930 avum}
1808 2877 2043 2943 abcmtz‚
2080 2897 2288 2932 τουτων
2309 2878 2408 2932 AD
2436 2880 2552 2949 [Gn]
2584 2878 2592 2949 Ι
2630 2881 2665 2934 3
2691 2899 2770 2948 τῳ

544 2978 612 3027 >
640 2966 770 3031 Aul,
806 2965 973 3024 habet
993 2966 1043 3019 D
1070 2965 1339 3035 [superest
1361 2985 1404 3018 ω
1428 2954 1559 3019 antei
1589 2965 1693 3034 affl]
1727 2965 1736 3032 Ι
1766 2965 1802 3018 4
1826 2979 2205 3039 προσενεγκας
2227 2981 2256 3018 c
2282 2964 2513 3036 [D=b]
2548 2966 2556 3035 Ι
2586 2967 2623 3022 4
2646 2968 2772 3020 ante

535 3069 722 3127 χρυσα
757 3054 824 3120 -Ι-
866 3069 1030 3119 σκευη
1066 3052 1116 3105 D
1183 3053 1192 3122 Ι
1258 3051 1290 3105 5
1329 3051 1537 3105 εδωκεν
1569 3053 1801 3121 utroque
1835 3050 1953 3104 1000
1988 3050 2064 3114 A,
2127 3051 2295 3119 priori
2328 3052 2405 3116 D,
2465 3053 2633 3121 priori
2670 3053 2770 3105 δε-

546 3141 690 3193 δωκε
725 3155 787 3202 a,
825 3139 996 3192 altero
1037 3138 1242 3191 εδωκεν
1275 3140 1338 3191 13¹
1381 3150 1390 3206 Ι
1433 3139 1468 3192 5
1500 3157 1566 3210 τῃ
1604 3147 1671 3196 >
1713 3136 1958 3192 ADamtz
1996 3138 2005 3205 Ι
2049 3138 2081 3191 5
2119 3144 2388 3212 ρεβεκκαν
2421 3156 2449 3191 z
2480 3139 2489 3208 Ι
2530 3141 2564 3193 6
2604 3159 2771 3206 αυτης

544 3224 775 3279 alterum
811 3233 878 3282 >
919 3240 951 3278 z
980 3226 989 3293 Ι
1020 3226 1052 3279 6
1093 3243 1186 3279 και
1226 3226 1478 3293 quartum
1509 3234 1577 3285 >
1614 3225 1713 3278 AD
1748 3226 1863 3292 [en]
1892 3227 2031 3279 cmtz
2076 3225 2083 3293 Ι
2134 3227 2169 3280 8
2201 3226 2328 3292 post
2358 3240 2599 3284 αναστας
2630 3227 2696 3292 -Ι-
2736 3245 2767 3278 ο

546 3330 680 3370 παις
698 3328 727 3365 ο
748 3311 874 3379 [non
887 3310 959 3379 D]
981 3309 988 3379 Ι
1009 3311 1044 3364 8
1061 3329 1123 3363 το
1142 3319 1210 3370 >
1228 3310 1473 3364 ADamtz
1491 3308 1500 3380 Ι
1523 3311 1557 3364 8
1573 3313 1701 3379 posfi
1718 3328 1877 3366 ειπεν
1895 3314 1962 3380 -Ι-
1982 3331 2011 3364 ο
2030 3330 2164 3369 παις
2188 3329 2215 3363 z
2232 3309 2240 3381 Ι
2258 3314 2293 3366 8
2312 3307 2668 3380 εκπεμίψαται
2691 3311 2740 3365 A
2755 3352 2769 3364 .

544 3397 754 3467 syllaba
788 3415 845 3451 τε
882 3396 1041 3450 huius
1064 3396 1374 3466 imperatiui
1397 3396 1570 3452 denuo
1594 3397 1788 3467 incipit
1810 3397 1855 3450 E
1887 3398 1894 3468 Ι
1926 3398 1961 3453 9
1986 3415 2149 3451 ειπον
2178 3413 2234 3451 cz
2262 3397 2392 3466 [non
2410 3397 2485 3465 D]
2518 3397 2525 3467 Ι
2556 3397 2590 3450 9
2610 3416 2774 3464 αυτης

544 3487 670 3553 post
703 3503 882 3557 μητηρ
920 3483 1076 3552 ponit
1109 3483 1153 3536 E
1194 3484 1201 3552 Ι
1242 3485 1309 3537 10
1347 3490 1464 3553 μεθ
1499 3502 1663 3556 ημων
1698 3502 1731 3550 η
1768 3489 2059 3553 παρ-θενος
2093 3501 2301 3558 ημερας
2334 3497 2463 3536 ωσει
2504 3483 2638 3536 δέκα
2672 3483 2717 3536 Ε
2759 3482 2767 3551 Ι

547 3572 701 3638 10111
737 3589 844 3640 μετ
878 3589 1016 3624 aura
1051 3570 1101 3623 D
1146 3569 1290 3639 [GR],
1333 3587 1474 3640 μετα
1509 3589 1671 3622 τουτο
1708 3585 1736 3622 c
1782 3570 1787 3638 Ι
1836 3570 1899 3623 11
1940 3571 2321 3622 απελευσεσθε
2358 3585 2386 3620 z
2443 3568 2450 3638 Ι
2510 3570 2573 3623 11
2616 3587 2773 3621 ειπεν

542 3655 753 3711 AEmt¹
785 3657 792 3725 Ι
828 3656 889 3710 11
927 3673 1218 3724 κατέχεται
1255 3657 1336 3711 mt·
1367 3655 1374 3725 Ι
1407 3656 1475 3709 12
1509 3659 1637 3725 post
1670 3675 1764 3710 και
1803 3657 1868 3723 -Ι-
1906 3674 2017 3732 γαρ
2056 3654 2184 3708 Emt
2222 3655 2229 3724 Ι
2271 3654 2337 3707 12
2371 3655 2658 3708 ευωδωσεν
2690 3655 2771 3719 tl,

544 3743 817 3796 ευοδωσεν
848 3741 969 3806 ΑΕ,
1007 3741 1245 3794 ευωδοσε
1282 3758 1342 3806 a,
1383 3743 1633 3796 ευοδωσε
1670 3759 1699 3797 z
1746 3743 1755 3811 Ι
1806 3742 1873 3796 12
1908 3741 2048 3815 μου]
2097 3761 2265 3794 αυτ-ου
2304 3757 2338 3795 a
2384 3741 2393 3809 Ι
2440 3741 2507 3795 12
2544 3757 2603 3793 εν
2638 3745 2799 3811 εμοι’

544 3838 612 3889 >
645 3828 929 3883 ADEcmtz
961 3828 968 3896 Ι
1004 3827 1070 3882 12
1107 3838 1462 3899 εκπεμψαται
1497 3830 1550 3892 t,
1590 3829 1685 3884 sed
1720 3849 1779 3882 αι
1813 3830 1873 3883 in
1903 3827 2137 3883 rasura?
2167 3829 2175 3897 Ι
2209 3828 2276 3881 13
2313 3845 2367 3879 οι
2405 3828 2469 3880 δε
2510 3845 2677 3881 ειπον
2699 3843 2772 3891 m,

544 3933 710 3969 ειπον
746 3915 809 3969 δε
849 3931 906 3968 cz
937 3914 944 3984 Ι
979 3913 1137 3981 13114
1173 3917 1481 3985 καλεσομεν
1513 3932 1540 3966 z
1572 3915 1579 3983 Ι
1613 3916 1682 3970 14
1719 3933 1814 3967 και
1854 3915 2006 3984 prius
2031 3922 2098 3971 >
2124 3929 2153 3967 c
2182 3913 2193 3983 Ι
2226 3914 2293 3988 14
2332 3927 2677 3985 ερωτησομεν
2698 3930 2771 3979 m,

544 4018 978 4075 επερωτησωμεν
1023 4000 1122 4055 AD
1165 3999 1280 4069 [ent
1336 4003 1582 4069 superest
1632 4002 1723 4071 επ]
1795 4001 1803 4070 Ι
1871 4001 1938 4056 15
1989 4019 2089 4068 την
2133 4009 2201 4060 >
2241 3997 2340 4053 AD
2379 3999 2496 4069 [GR]
2536 3998 2699 4054 Eamt
2761 4000 2769 4069 Ι

545 4088 611 4142 15
648 4086 878 4157 ρεβεκκα
915 4104 970 4141 m
1001 4088 1010 4155 Ι
1043 4087 1112 4143 15
1151 4105 1313 4140 ειπον
1337 4103 1394 4143 cz
1425 4087 1433 4156 Ι
1467 4089 1535 4143 16
1570 4108 1604 4155 η
1627 4089 1690 4142 δε
1729 4088 2012 4150 Eabcmtz‚
2052 4105 2145 4139 και
2169 4085 2218 4140 A
2248 4086 2256 4154 Ι
2289 4086 2357 4140 16
2394 4103 2551 4139 ειπεν
2572 4083 2733 4138 AEtl
2760 4087 2770 4152 Ι

547 4175 611 4227 17
647 4176 772 4228 ante
807 4180 1071 4247 ρεβεκκαν
1110 4177 1170 4239 -Ι-
1198 4192 1297 4241 την
1331 4190 1359 4228 c
1387 4175 1396 4244 Ι
1434 4174 1496 4228 17
1539 4180 1770 4244 ρεβεκκα
1808 4190 1865 4227 m
1894 4175 1903 4242 Ι
1938 4174 2003 4227 17
2040 4171 2285 4241 „Aquila
2320 4191 2414 4224 και
2446 4191 2545 4238 την
2578 4177 2774 4236 τιτθην

545 4278 737 4326 αυτης,
801 4259 1150 4330 Symmachus
1198 4280 1291 4314 και
1334 4279 1435 4326 την
1481 4278 1701 4332 τροφον
1748 4277 1910 4325 αυτ-ης
1932 4261 1964 4284 “
2012 4258 2071 4312 in
2119 4257 2364 4328 margine
2399 4257 2433 4310 b
2496 4259 2505 4321 Ι
2574 4257 2641 4311 18
2675 4275 2771 4309 του

543 4343 796 4408 Eabomt,
835 4363 932 4398 τον
961 4345 1060 4400 AD
1081 4345 1228 4416 [63],
1265 4354 1333 4403 >
1373 4362 1400 4397 z
1432 4345 1441 4412 Ι
1473 4345 1542 4400 18
1580 4345 1781 4414 αυτου]
1826 4362 2008 4398 avum*
2030 4360 2115 4408 m,
2156 4362 2332 4397 αυτον
2365 4344 2393 4397 t
2422 4343 2431 4412 Ι
2466 4341 2584 4412 1811
2609 4345 2773 4408 ηυλο-

548 4442 729 4496 γησαν
758 4429 805 4482 Ε
