3169 4941
2438 405 2603 487 'el

311 605 342 657 1
553 598 638 660 Et
679 600 924 661 uocauit
965 596 1206 661 Pharao
1248 616 1458 660 nomen
1479 597 1713 685 *Ioseph
1736 594 2207 679 Zapfanethfane
2243 598 2301 659 et
2344 594 2506 659 dedit
2544 598 2607 658 ei

379 700 642 764 Aseneth
684 701 896 781 filiam
947 701 1320 783 Pleutiphare
1369 700 1697 763 sacerdotis
1741 700 2130 782 Heliopoleos
2198 703 2265 761 in
2327 720 2597 762 uxorem.

377 803 528 869 licet
580 802 874 869 hebraice
915 803 1036 868 hoc
1095 821 1322 867 nomen
1367 802 1879 867 absconditorum
1920 804 2346 884 reppertorem
2404 803 2603 879 sonet,

379 911 596 973 tamen
639 907 786 991 quia
841 906 920 971 ab
965 904 1282 990 Aegyptio
1325 907 1582 988 ponitur
1598 953 1615 983 ,
1680 905 1876 989 ipsius
1933 904 2187 987 linguae
2244 904 2431 969 debet
2482 905 2601 969 ha-

309 1024 346 1079 5
380 1011 528 1075 bere
569 1009 898 1077 rationem.
1013 1009 1466 1091 interpretatur
1507 1026 1659 1093 ergo
1705 1025 1991 1075 sermone
2034 1007 2325 1092 aegyptio
2372 1008 2599 1089 Zapfa-

378 1114 676 1179 nethfane
725 1115 858 1179 siue
905 1115 1002 1196 (ut
1033 1112 1204 1178 LXX
1241 1113 1580 1179 transferre
1624 1112 1997 1195 uoluerunt)
2036 1111 2602 1196 Psontonphanech

379 1217 659 1284 saluator
701 1215 952 1295 mundi,
1017 1233 1088 1282 eo
1135 1216 1302 1299 quod
1344 1216 1560 1282 orbem
1610 1218 1819 1282 terrae
1864 1216 1945 1281 ab
1986 1216 2355 1281 imminente
2416 1216 2601 1281 famis

381 1321 618 1387 excidio
679 1320 984 1387 liberarit.
1087 1320 1434 1385 notandum
1494 1321 1709 1385 autem
1768 1317 1935 1402 quod
1996 1318 2231 1385 domini
2285 1317 2602 1401 quondam

377 1427 446 1490 et
489 1424 790 1507 emptoris
836 1424 934 1489 sui
977 1422 1172 1488 filiam
1219 1441 1478 1487 uxorem
1526 1424 1873 1507 acceperit,
1934 1423 2042 1505 qui
2086 1422 2167 1487 ad
2208 1422 2275 1487 id
2318 1421 2603 1489 locorum

276 1537 346 1594 10
378 1528 658 1612 pontifex
699 1527 1103 1610 Heliopoleos
1149 1529 1306 1599 erat.
1408 1544 1610 1610 neque
1654 1526 1824 1591 enim
1878 1527 1975 1592 fas
2020 1526 2254 1609 absque
2300 1526 2603 1591 eunuchis

377 1631 532 1696 idoli
573 1630 746 1695 illius
790 1650 927 1695 esse
973 1630 1290 1696 antistites
1306 1678 1321 1707 ,
1366 1632 1442 1696 ut
1483 1648 1639 1695 uera
1671 1630 1787 1695 illa
1808 1630 2243 1697 Hebraeorum
2288 1650 2474 1713 super
2508 1646 2601 1706 eo,

380 1734 547 1818 quod
591 1736 737 1800 ante
781 1734 912 1798 iam
949 1732 1216 1798 diximus
1231 1782 1246 1811 ,
1292 1733 1562 1816 suspicio
1610 1732 2063 1817 comprobetur.

556 1842 638 1901 Et
674 1840 888 1921 Ioseph
927 1842 1059 1901 nati
1095 1842 1234 1901 sunt
1276 1839 1394 1901 duo
1427 1838 1583 1919 filii,
1620 1842 1935 1920 antequam
1974 1843 2245 1903 uenirent
2302 1842 2451 1901 anni
2494 1838 2603 1918 fa-

377 1948 498 2006 mis
512 1992 530 2020 ,
589 1962 734 2025 quos
771 1946 1011 2025 peperd
1065 1946 1126 2005 ei
1175 1941 1444 2005 Aseneth·
1472 1941 1624 2022 filia
1671 1942 2044 2025 qutzphare
2098 1942 2423 2007 saoerdotvze
2475 1944 2601 2006 He-

273 2058 346 2115 15
378 2048 680 2129 liopoleoe.
777 2050 1020 2109 uocauit
1075 2050 1274 2109 autem
1330 2046 1545 2131 Ios-apl}
1602 2065 1809 2108 nomen
1850 2049 2250 2128 pm‘moycniti
2301 2048 2603 2123 Mam-ese,

379 2154 521 2232 quia
595 2150 896 2214 Obliuisci
960 2170 1056 2211 mc
1116 2149 1266 2227 fecit
1323 2149 1472 2212 deus
1535 2154 1801 2212 omnium
1860 2151 2135 2213 laborum
2199 2170 2467 2213 meorum
2544 2155 2601 2213 et

377 2257 571 2317 omnis
639 2253 852 2316 domus
928 2256 1130 2335 patris
1203 2256 1334 2315 mei.
1467 2273 1679 2315 nomen
1760 2257 1958 2315 autem
2038 2254 2286 2317 secundi
2364 2258 2607 2317 uocauit

377 2361 701 2441 Ephraim,
731 2358 890 2431 Quia
934 2378 1194 2422 crescere
1233 2378 1330 2419 me
1358 2356 1507 2434 fecit
1545 2358 1691 2420 deu-s·
1717 2361 1781 2419 in
1821 2362 1987 2421 terra
2018 2360 2387 2431 humilitatis
2422 2378 2603 2422 meae.

377 2462 646 2528 obser-ua
683 2462 937 2543 propter
984 2459 1413 2544 quaestionem
1430 2510 1448 2540 ,
1501 2480 1659 2544 quae
1700 2462 1843 2543 post
1881 2460 2210 2545 paululum
2254 2459 2331 2526 de
2375 2462 2603 2547 Ioseph

272 2579 348 2634 20
378 2565 528 2630 filiis
583 2563 989 2649 proponenda
1029 2567 1156 2643 est,
1216 2563 1384 2646 quod
1443 2567 1591 2629 ante
1650 2563 1838 2630 famis
1889 2567 2139 2646 tempus
2162 2613 2177 2642 ,
2244 2583 2366 2647 que
2411 2567 2601 2631 Iacob

377 2669 646 2734 intrauit
693 2669 760 2732 in
805 2666 1169 2751 Aegyptum
1187 2715 1204 2745 ,
1263 2665 1420 2732 duos
1478 2670 1731 2734 tantum
1789 2669 2015 2752 Ioseph
2072 2668 2237 2734 filios
2291 2669 2601 2747 habuerit,

377 2773 716 2838 Manassen
779 2775 844 2838 et
903 2771 1206 2856 Ephraim
1221 2819 1238 2850 ‚
1299 2773 1638 2838 Manassen
1704 2790 1936 2838 uocans
1988 2773 2065 2838 ab
2122 2791 2195 2839 eo
2214 2821 2230 2851 ‚
2296 2774 2460 2856 quod
2518 2775 2603 2838 sit

378 2875 614 2942 oblitus
655 2876 944 2941 laborum
984 2893 1241 2942 suorum
1291 2876 1426 2957 (ita
1469 2876 1637 2941 enim
1674 2875 1966 2942 hebraice
2008 2878 2273 2943 uocatur
2322 2877 2601 2959 obliuio),

377 2979 712 3065 Ephraim,
771 2996 843 3044 eo
892 2978 1059 3061 quod
1103 2979 1347 3046 auxerit
1388 2997 1532 3045 eum
1578 2978 1761 3045 deus:
1810 2981 1877 3046 et
1918 2998 1993 3044 ex
2035 2981 2157 3045 hoc
2200 2979 2368 3046 enim
2406 2998 2599 3046 uoca-

288 3097 362 3154 25
378 3083 526 3150 bulo
574 3083 642 3148 in
685 3083 968 3166 linguam
1015 3087 1298 3150 nostram
1341 3084 1723 3158 transfertur
1766 3087 2195 3168 augmentum.

558 3191 642 3250 Et
709 3189 934 3269 deferte
1007 3193 1146 3252 uiro
1216 3209 1467 3252 munera
1483 3237 1501 3267 ,
1619 3190 1855 3272 aliquid
1926 3194 2160 3254 resz‘nae
2240 3196 2297 3253 et
2378 3193 2598 3268 mellis,

375 3295 708 3374 thymiama
747 3296 805 3355 et
853 3296 1077 3355 stacten
1120 3296 1178 3354 et
1220 3295 1617 3356 terebinthum
1670 3296 1728 3356 ct
1776 3313 1981 3369 mucce,
2037 3293 2192 3372 siue,
2252 3296 2328 3359 ut
2368 3295 2607 3377 Aquila

379 3395 444 3458 et
489 3394 904 3476 Symmachus
961 3393 1423 3460 transtulerunt
1437 3442 1454 3472 ,
1525 3397 1866 3477 amyydala.
1974 3394 2205 3461 idcirco
2261 3398 2382 3462 hoc
2428 3400 2602 3482 capi-

377 3499 584 3563 tulum
630 3498 985 3582 posuimus,
1029 3500 1103 3562 ut
1147 3497 1420 3562 sciamus
1435 3546 1452 3576 ,
1501 3499 1613 3563 ubi
1653 3499 1723 3563 in
1766 3498 2000 3564 nostris
2044 3498 2362 3566 codicibus
2404 3502 2599 3568 habe-

289 3619 362 3674 30
377 3603 482 3666 tur
541 3601 915 3684 thymiama,
975 3600 1042 3664 in
1101 3599 1370 3666 hebraeo
1425 3619 1562 3666 esse
1616 3606 1859 3666 nechota
1873 3651 1890 3680 ,
1964 3601 2129 3684 quod
2174 3601 2407 3686 Aquila
2466 3608 2599 3670 sto-

378 3723 590 3770 racem
629 3705 988 3782 transtulit,
1043 3723 1117 3769 ex
1161 3722 1282 3789 quo
1317 3703 1539 3770 domus
1581 3709 1855 3785 nechota,
1912 3723 2071 3790 quae
2115 3706 2182 3770 in
2228 3709 2395 3774 Isaia
2436 3709 2599 3792 legi-

521 3883 548 3936 1
587 3883 698 3934 Gen
730 3882 818 3946 41,
857 3882 930 3936 45
961 3883 970 3948 Ι
1004 3881 1069 3936 13
1105 3882 1216 3933 Gen
1247 3880 1334 3946 41,
1369 3880 1602 3942 50-52
1633 3883 1641 3950 Ι
1673 3884 1743 3938 26
1779 3885 1889 3936 Gen
1926 3883 2013 3950 43,
2054 3885 2121 3940 11
2153 3884 2163 3951 Ι
2193 3884 2261 3940 31
2298 3886 2406 3936 Isai
2425 3887 2564 3950 39,2

519 4031 550 4084 1
587 4031 972 4095 zapfanethfane
1008 4035 1067 4097 β,
1103 4031 1469 4082 samech-fane
1487 4056 1499 4071 ·
1519 4049 1564 4102 φ
1596 4031 1604 4101 Ι
1635 4033 1670 4087 2
1707 4033 1925 4085 asenech
1960 4037 2023 4099 β,
2060 4049 2239 4084 asenec
2274 4053 2320 4104 φ
2351 4034 2360 4098 Ι
2391 4035 2425 4088 2
2460 4037 2593 4100 phu-

373 4118 580 4182 tiphare
615 4123 650 4182 β
666 4159 677 4180 ,
733 4117 954 4182 putifare
991 4135 1038 4186 φ
1068 4117 1077 4183 Ι
1107 4118 1142 4170 2
1182 4117 1249 4171 10
1288 4117 1446 4184 14s15
1477 4118 1801 4184 heliupoleos
1839 4139 1885 4191 φ
1916 4120 1925 4186 Ι
1954 4118 2045 4182 5s6
2082 4120 2355 4185 zapfaneth
2390 4121 2505 4171 fane
2543 4129 2595 4188 β,

374 4203 608 4254 safaneth
641 4203 768 4254 fane·
791 4222 836 4273 φ
866 4204 876 4271 Ι
937 4204 972 4257 6
1008 4203 1247 4267 psomtho
1270 4229 1282 4242 ·
1305 4203 1484 4255 fanech
1520 4223 1567 4274 φ
1598 4207 1607 4270 Ι
1642 4203 1709 4258 14
1740 4207 1957 4257 asenech
1990 4211 2073 4276 βφ
2104 4209 2114 4272 Ι
2149 4204 2217 4260 14
2252 4208 2593 4272 phutiphares

373 4293 410 4355 β
425 4327 440 4353 ,
501 4289 722 4354 putifare
757 4307 804 4360 φ
869 4289 878 4357 Ι
950 4289 1112 4356 19ί20
1142 4289 1262 4340 filiis
1313 4291 1494 4355 ioseph
1533 4297 1572 4358 β
1641 4291 1649 4359 Ι
1720 4291 1790 4347 22
1836 4309 2065 4346 manasse
2113 4302 2315 4356 utroque
2362 4297 2460 4344 loeo
2496 4299 2533 4362 β
2584 4291 2593 4364 Ι

379 4372 450 4428 28
485 4375 780 4441 amygdalas
813 4393 859 4446 φ
889 4375 898 4444 Ι
929 4375 999 4429 30
1037 4375 1106 4430 31
1141 4377 1396 4427 nechotha
1433 4395 1478 4446 φ
