3169 4941
565 396 671 453 130
1507 394 1735 451 Genesis
1768 394 1855 449 32.

559 550 783 641 Ἰακώβ
847 554 1042 623 Mn&
1087 550 1334 640 Λάβαν
1392 550 1755 644 παρῴκησα
1808 554 1919 620 καὶ
1972 548 2265 641 ἐχρόνισα
2309 550 2431 633 ἕως
2484 558 2601 619 τοῦ
2646 558 2751 619 νῦν
2770 575 2783 588 ·
2821 568 2847 611 1

572 660 722 728 5καὶ
765 655 1056 747 ἐγένοντό
1093 684 1209 743 μοι
1249 651 1402 743 βόες
1443 658 1557 726 καὶ
1595 655 1735 726 ὄνοι
1776 656 1889 725 καὶ
1930 657 2237 745 πρόβατα
2266 654 2377 723 καὶ
2406 659 2642 736 παῖδες
2673 656 2786 723 καὶ

479 821 488 825 -
565 762 949 832 παιδίσκαι·
1022 762 1130 829 καὶ
1185 754 1546 830 ἀπέστειλα
1604 755 1968 848 ἀναγγεῖλαι
2012 768 2105 850 τῷ
2158 758 2357 849 κυρίῳ
2400 784 2525 845 μου
2567 754 2784 843 Ἠσαῦ,

562 870 674 935 ἵνα
733 865 882 957 εὕρῃ
927 863 964 934 ὃ
1017 870 1181 945 παῖς
1223 888 1342 933 σου
1379 864 1566 951 χάριν
1624 862 1907 933 ἐναντίον
1958 886 2096 933 σου.
2186 864 2339 931 6καὶ
2378 861 2786 952 ἀνέστρεψαν

563 969 628 1038 οἱ
670 968 928 1057 ἶίγγελοι
969 970 1141 1059 πρὸς
1177 962 1420 1055 Ἰακώβ
1462 968 1752 1056 λέγοντες
1770 966 2119 1054 ’Ήλθομεν
2160 968 2330 1057 πρὸς
2354 968 2469 1037 τὸν
2500 961 2783 1056 ἀδελφόν
2818 980 2849 1027 5

560 1100 682 1143 σου
723 1066 958 1158 Ἠσαῦ,
1036 1072 1149 1140 καὶ
1192 1071 1334 1141 ἰδοὺ
1372 1065 1565 1153 αὐτὸς
1610 1070 1859 1162 ἔρχεται
1902 1070 1997 1152 εἷς
2034 1070 2410 1161 συνάντησίν
2456 1093 2573 1139 σου
2586 1124 2603 1155 ,
2673 1072 2783 1138 καὶ

563 1174 972 1267 τετρακόσιοι
1017 1173 1246 1265 ἄνδρες
1285 1168 1422 1261 μετ’
1467 1174 1681 1243 αὐτοῦ.
1764 1170 2104 1265 Ἷέφοβήθη
2146 1174 2220 1242 δὲ
2257 1167 2486 1261 Ἰακὼβ
2530 1172 2785 1263 σφόδρα

561 1282 676 1349 καὶ
716 1278 1026 1369 ἠπορεῖτο
1042 1302 1057 1319 ·
1104 1278 1215 1346 καὶ
1259 1281 1460 1347 διεῖλε
1500 1278 1612 1347 τὸν
1649 1278 1809 1347 λαὸν
1853 1279 1964 1347 τὸν
2005 1271 2155 1364 μεθ’
2202 1276 2432 1347 ἑαυτοῦ
2473 1278 2587 1349 καὶ
2630 1278 2783 1358 τούς

559 1379 723 1469 βόας
767 1383 879 1451 καὶ
923 1382 1044 1462 τὰς
1086 1378 1414 1471 καμήλους
1454 1383 1679 1450 καὶτὰ
1721 1379 2027 1470 πρόβατα
2071 1380 2167 1463 εἷς
2194 1379 2312 1450 δύο
2342 1378 2782 1472 παρεμβολάς.

568 1487 719 1554 ὅκαὶ
762 1480 948 1554 εἶπεν
991 1486 1221 1572 Ἰακώβ
1259 1478 1405 1553 Ἐὰν
1448 1483 1615 1575 ἔλθῃ
1654 1480 1864 1554 Ἠσαῦ
1903 1485 1998 1567 εἶς
2039 1486 2458 1576 παρεμβολὴν
2485 1484 2641 1571 μίαν
2669 1486 2781 1552 καὶ

559 1587 740 1680 κόψῃ
785 1583 1007 1681 αὐτήν,
1067 1587 1254 1658 ἔσται
1295 1587 1333 1680 ἡ
1378 1591 1763 1681 παρεμβολὴ
1804 1588 1843 1681 ἡ
1879 1590 2140 1680 δετπέρα
2180 1588 2276 1670 εἶς
2309 1590 2385 1657 τὸ
2430 1589 2781 1673 σώζεσθαι.

565 1699 592 1738 ⁹
623 1688 776 1761 εἶπε
832 1693 906 1762 δὲ
959 1688 1187 1781 Ἰακώβ
1235 1690 1310 1762 Ὅ
1361 1695 1527 1775 θεὸς
1578 1701 1693 1762 τοῦ
1757 1691 2011 1784 πατρός
2062 1719 2188 1780 μου
2237 1688 2536 1784 Ἀβραὰμ
2590 1693 2705 1760 καὶ
2746 1692 2783 1762 ὃ

559 1798 725 1877 θεὸς
775 1804 891 1865 τοῦ
937 1797 1190 1885 πατρός
1241 1823 1366 1882 μου
1404 1791 1664 1881 Ἰσαάκ,
1718 1797 1897 1886 κύριε
1962 1799 2039 1865 σὺ
2084 1796 2120 1867 ὁ
2164 1794 2372 1865 εἰπών
2412 1823 2528 1883 μοι
2569 1794 2783 1865 ’Λπό-

557 1926 739 1990 τρεχε
801 1898 898 1980 εἷς
954 1902 1070 1990 τὴν
1128 1907 1240 1991 γῆν
1299 1909 1415 1990 τῆς
1478 1898 1790 1989 γενέσεώς
1834 1925 1951 1969 σου
1970 1954 1986 1985 ,
2067 1902 2182 1969 καὶ
2246 1898 2315 1970 εὖ
2376 1924 2453 1968 σε
2492 1900 2780 1991 ποιήσω·

568 2002 1037 2071 1θῖκανούσθω
1091 2029 1209 2089 μοι
1263 1997 1404 2072 ἀπὸ
1454 2001 1673 2095 πάσης
1726 2001 2138 2095 δικαιοσύνης
2205 2005 2319 2073 καὶ
2372 1998 2511 2073 ἀπὸ
2526 2008 2551 2023 ”
2567 2002 2783 2094 πάσης

559 2105 876 2197 ἀληθείας
921 2101 996 2197 ἧς
1038 2105 1357 2198 ἐποίησας
1395 2115 1490 2198 τῷ
1549 2108 1748 2177 παιδί
1786 2133 1904 2179 σου
1921 2133 1934 2148 ·
1996 2108 2063 2179 ἐν
2121 2110 2243 2197 γὰρ
2282 2117 2359 2200 τῇ
2401 2104 2619 2198 ῥάβδῳ
2656 2134 2783 2192 μου

557 2260 722 2298 manu
761 2244 1071 2300 eorrectoris
1108 2242 1384 2299 cuiusdam
1424 2245 1637 2316 antiqui
1675 2262 1834 2315 super
1865 2261 2083 2301 uersum
2119 2245 2363 2301 additum
2380 2286 2393 2299 .
2446 2246 2633 2301 eodem
2666 2245 2782 2299 loco

559 2349 704 2383 ουτω
741 2348 770 2383 z

700 2419 731 2470 1
768 2431 1042 2492 εχρονησα
1077 2420 1160 2472 mt
1207 2420 1216 2484 Ι
1264 2417 1298 2472 2
1337 2434 1593 2488 εγινοντο
1630 2417 1674 2472 Ε
1723 2420 1732 2485 Ι
1776 2419 1809 2474 2
1846 2424 2063 2486 ποβατα
2100 2415 2148 2470 G
2170 2422 2213 2482 ¹,
2251 2416 2425 2487 prima.
2459 2433 2623 2472 manu
2660 2433 2779 2472 cor-

555 2506 759 2560 rectum
791 2504 799 2573 Ι
830 2504 864 2557 2
896 2505 1119 2575 παιδες]
1145 2512 1270 2574 βοες
1293 2504 1342 2559 Α
1377 2505 1498 2574 [sed
1520 2512 1587 2573 βο
1612 2521 1753 2560 1111116
1786 2506 2028 2575 euanuit]
2062 2505 2070 2573 Ι
2101 2506 2137 2559 3
2174 2524 2249 2558 τω
2284 2524 2452 2578 κυριω
2489 2525 2601 2577 μου
2637 2523 2777 2572 ησαυ

559 2592 902 2660 απαγγειλαι
941 2589 1064 2662 [sie]
1102 2608 1132 2645 o
1179 2594 1190 2658 Ι
1238 2592 1273 2646 3
1308 2607 1450 2659 ησαυ
1487 2591 1639 2649 obelo
1674 2595 1921 2648 notatum
1960 2590 2034 2655 G,
2080 2591 2212 2646 sed:
2239 2591 2413 2655 deest,
2451 2591 2567 2646 eius
2601 2592 2716 2645 1000
2744 2608 2775 2654 ·,

557 2676 695 2730 alias
727 2675 832 2730 ooli
868 2676 966 2730 fini
1000 2677 1330 2746 designando
1379 2679 1680 2732 inseruiens
1724 2680 1732 2746 Ι
1779 2679 1815 2733 4
1847 2695 2025 2748 χαριν
2066 2698 2095 2732 ο
2136 2697 2269 2736 παις
2301 2694 2403 2731 σου
2437 2678 2481 2731 Ε
2530 2679 2539 2747 Ι
2586 2679 2622 2731 4
2654 2681 2779 2746 post

555 2777 658 2816 σου
696 2763 926 2817 alterum
962 2766 1028 2832 -Ι-
1065 2781 1218 2838 κυριε
1255 2780 1284 2818 z
1348 2767 1357 2832 Ι
1422 2765 1460 2819 4
1493 2783 1589 2817 και
1628 2775 1973 2838 ανεστρεψαν
2010 2763 2154 2826 Aah,
2211 2777 2576 2838 απεστρεψαν
2611 2766 2677 2818 δε
2714 2765 2776 2828 Ε,

555 2869 649 2902 και
699 2860 1050 2923 υπεστρεψαν
1085 2848 1156 2914 G,
1219 2869 1312 2902 και
1367 2862 1727 2923 απεστρεψαν
1777 2852 1915 2904 cmtz
1982 2851 1991 2918 Ι
2054 2849 2141 2920 516
2191 2865 2333 2917 ησαυ
2383 2868 2481 2903 τον
2530 2851 2779 2922 adel-(pov

554 2950 656 2987 σου
675 2952 704 2987 z
735 2936 744 3002 Ι
775 2936 810 2989 6
834 2936 966 2988 ιδου
1003 2955 1164 2995 αυτος
1190 2945 1257 2995 >
1276 2934 1376 2988 AG
1405 2937 1414 3001 Ι
1445 2937 1669 2996 Gaurus
1693 2936 1827 2995 >D
1858 2937 1969 3007 [GR]
2003 2938 2012 3002 Ι
2052 2938 2085 2991 6
2112 2952 2212 2989 σου
2238 2936 2468 2990 alterum
2492 2937 2655 2992 etiam
2678 2937 2723 2990 E
2742 2943 2776 3001 ¹,

553 3035 650 3073 σοι
669 3018 768 3073 AD
799 3022 916 3087 [GR]
942 3019 1084 3075 E²G
1114 3022 1123 3089 Ι
1156 3022 1188 3075 7
1213 3027 1247 3076 ῦ
1265 3021 1384 3087 Gz'l
1416 3024 1448 3076 7
1469 3018 1789 3093 ὲφοβειτοΑ
1820 3024 1829 3088 Ι
1860 3025 1895 3078 8
1921 3023 2127 3076 διειλεν
2145 3021 2350 3076 AEth
2379 3024 2389 3091 Ι
2420 3023 2455 3076 8
2476 3041 2582 3094 μετ
2606 3043 2776 3077 αυτου

554 3107 653 3158 AD
680 3106 799 3173 [an
833 3123 941 3177 μετ
966 3103 1195 3160 Grabius
1231 3123 1340 3160 non
1377 3108 1775 3178 commemorat]
1803 3107 1983 3163 EGotz
2006 3106 2230 3179 [m=b]
2265 3111 2273 3174 Ι
2305 3109 2339 3162 8
2373 3111 2499 3163 ante
2536 3129 2631 3163 και
2666 3113 2777 3164 ter-

551 3191 691 3244 tium
727 3191 794 3258 -Ι-
836 3210 930 3244 και
969 3211 1039 3244 τα
1073 3199 1326 3265 προβατα
1363 3192 1412 3248 G
1443 3195 1452 3264 Ι
1482 3194 1516 3248 9
1555 3215 1647 3248 και
1685 3215 1781 3254 τας
1820 3198 2100 3265 καμηλους
2128 3205 2196 3255 >
2232 3195 2330 3251 AD
2360 3195 2469 3266 [GR]
2498 3203 2617 3260 802,
2652 3200 2778 3266 post

549 3282 803 3350 προβατα
836 3276 993 3345 ponit
1031 3277 1076 3332 Ε
1098 3318 1111 3331 .
1149 3298 1244 3332 και
1278 3299 1404 3340 τους
1439 3283 1720 3352 καμηλους
1760 3281 2015 3336 asterisco
2050 3284 2298 3336 notatum
2334 3281 2383 3336 G
2438 3284 2447 3351 Ι
2502 3285 2537 3338 9
2573 3302 2667 3336 και
2705 3303 2773 3336 τα

551 3369 800 3435 προβατα
827 3369 895 3420 >
920 3361 970 3416 G
999 3366 1009 3430 Ι
1044 3364 1111 3420 10
1145 3383 1239 3418 και
1279 3366 1457 3436 ειπεν]
1497 3384 1655 3420 ειπεν
1688 3367 1752 3420 δε
1784 3366 1829 3420 Ε
1851 3407 1864 3420 .
1902 3370 2027 3437 poet
2064 3386 2223 3423 ειπεν
2260 3367 2310 3423 G
2336 3376 2409 3433 ῖ,
2447 3371 2575 3438 post
2597 3376 2775 3437 ιακωβ

551 3447 609 3501 in
657 3447 844 3502 eodem
890 3464 925 3503 a
959 3450 1250 3504 correctore
1299 3452 1608 3521 appositum
1672 3453 1925 3508 uidetur:
1952 3493 1966 3518 ,
2029 3455 2126 3508 sed
2179 3495 2212 3520 ‚‚
2224 3441 2481 3525 punctum
2528 3455 2773 3524 superius

550 3533 812 3588 foramine
846 3534 1056 3604 periit“
1089 3538 1098 3605 Ι
1151 3538 1215 3591 10
1251 3555 1394 3608 μιαν
1428 3543 1789 3610 παρεμβολην
1824 3540 1869 3593 Ε
1902 3541 1909 3610 Ι
1964 3541 2027 3594 11
2068 3554 2278 3612 εκκοψη
2309 3543 2408 3596 AD
2441 3542 2549 3612 [on]
2594 3541 2773 3606 Gramt,

553 3631 768 3689 εγκοψη
804 3620 878 3685 Ε,
921 3633 1084 3690 κοψει
1125 3641 1152 3676 z
1220 3624 1229 3692 Ι
1298 3626 1360 3679 11
1396 3627 1524 3679 ante
1577 3640 1733 3680 εσται
1774 3627 1838 3694 -Ι-
1878 3645 1972 3679 και
2011 3625 2061 3680 Gr
2125 3628 2133 3696 Ι
2201 3629 2267 3684 11
2305 3630 2581 3690 σωζεσθαι
2620 3646 2633 3681 :
2672 3628 2721 3683 G
2759 3629 2770 3700 Ι

552 3706 621 3758 12
661 3724 816 3760 ειπεν
852 3705 1058 3762 AEGt¹
1123 3710 1130 3778 Ι
1200 3713 1266 3766 12
1309 3729 1338 3764 ο
1373 3717 1506 3770 θεος
1553 3731 1652 3764 του
1697 3730 1909 3785 πατρος
1954 3732 2067 3784 μου
2114 3719 2337 3788 αβρααμ
2390 3735 2483 3768 και
2525 3723 2593 3774 >
2628 3719 2710 3770 mt
2760 3717 2769 3788 Ι

553 3791 710 3863 12113
733 3811 764 3844 ο
789 3799 922 3852 θεος
947 3813 1044 3847 του
1062 3812 1272 3871 πατρος
1293 3816 1406 3868 μου
1425 3807 1494 3857 >
1515 3816 1542 3849 z
1575 3798 1583 3866 Ι
1619 3799 1684 3853 13
1719 3813 1849 3851 ισακ
1869 3797 1919 3853 G
1948 3802 1957 3866 Ι
1992 3801 2058 3854 13
2082 3817 2232 3875 κυριε
2254 3799 2384 3865 Aba,
2404 3811 2471 3860 >
2492 3820 2544 3866 z,
2584 3823 2615 3855 ο
2640 3810 2776 3861 θεος

549 3880 600 3932 D
638 3879 755 3948 [GR]
782 3879 855 3943 Ε,
893 3898 1077 3955 κυριος
1117 3879 1192 3944 G,
1229 3900 1380 3952 κυριε
1417 3903 1446 3936 ο
1487 3891 1619 3942 θεος
1660 3887 1809 3954 amty
1866 3887 1875 3954 Ι
1932 3888 1997 3941 13
2037 3901 2108 3939 συ
2142 3906 2173 3938 ο
2214 3905 2389 3942 ειπων
2424 3886 2489 3951 b,
2528 3908 2559 3940 ο
2600 3906 2775 3941 ειπων

2821 1500 2886 1544 10

2821 2021 2885 2068 15

550 3965 748 4018 omisso
782 3979 851 4017 συ
885 3980 967 4030 cz,
1006 3985 1036 4018 ο
1077 3983 1238 4027 emas·
1271 3967 1502 4038 Annua]
1527 3967 1723 4039 EGay‚
1762 3971 1925 4030 εἶπας
1960 3987 2040 4035 111,
2086 3975 2250 4031 εἴπας
2283 3975 2311 4026 t
2362 3973 2371 4040 Ι
2442 3973 2602 4040 13114
2636 3993 2773 4026 ava-
2838 4037 2843 4042 .

548 4068 704 4123 τρεχε
739 4049 784 4102 Ε
828 4050 836 4118 Ι
882 4051 949 4105 14
983 4051 1070 4120 σε]
1111 4066 1200 4105 σοι
1237 4068 1294 4106 cz
1335 4056 1344 4119 Ι
1388 4055 1456 4108 15
1492 4063 1777 4109 ικανουθω
1809 4055 1845 4111 b
1878 4057 1936 4110 in
1971 4059 2150 4121 textu,
2204 4057 2409 4112 calamo
2446 4061 2773 4114 correctum.

547 4132 606 4187 in
650 4134 995 4190 adnotatione
1045 4137 1231 4194 eadem
1277 4141 1342 4193 ut
1382 4156 1506 4204 nos,
1568 4140 1664 4196 ubi
1700 4181 1745 4206 .,‚
1761 4141 1842 4196 ita
1880 4141 1972 4196 LL
2007 4143 2136 4198 UU.
2199 4142 2439 4212 cyrillus
2486 4164 2773 4199 ικανουται

547 4240 649 4291 μοι
667 4260 680 4273 .
722 4221 819 4275 AA
841 4222 932 4276 LL
972 4243 1157 4285 ικανος
1197 4243 1317 4286 ειμι
1332 4231 1364 4252 “
1382 4267 1396 4281 .
1451 4245 1744 4282 ικανουσαι
1780 4227 1913 4298 AGy
1932 4267 1947 4292 ,
1987 4248 2271 4283 ικανουται
2306 4232 2357 4284 D
2386 4232 2496 4301 [GR]
2524 4231 2601 4296 Ε,
2651 4251 2774 4285 ικα-

548 4323 642 4364 voc
677 4322 794 4377 ειμι
832 4324 866 4361 a
919 4309 926 4377 Ι
996 4309 1064 4363 15
1097 4330 1199 4381 μοι
1237 4321 1306 4371 >
1345 4327 1406 4377 a,
1456 4312 1623 4368 habet
1654 4318 1759 4383 γ’,
1793 4319 1959 4385 ptsyl
2025 4315 2034 4382 Ι
2110 4316 2266 4382 15116
2313 4336 2408 4369 και
2444 4335 2559 4371 απο
2593 4333 2777 4385 πασης

549 4391 813 4454 αληθειας
850 4393 1026 4460 prima
1060 4411 1225 4452 manu
1257 4398 1318 4452 in
1351 4399 1597 4468 margine
1632 4417 1688 4454 m
1718 4404 1729 4467 Ι
1760 4401 1827 4456 16
1866 4399 1948 4468 ης]
1988 4418 2054 4467 ην
2083 4399 2153 4466 Ε,
2192 4421 2287 4456 και
2323 4404 2351 4455 t
