3169 4941
1305 472 1530 530 Genesis
1565 474 1655 531 26.
2492 474 2593 532 101

305 649 332 695 1
369 631 760 719 ἐπωνόμασε
815 631 892 703 τὸ
937 627 1145 719 ὄνομα
1199 627 1395 703 αὐτοῦ
1431 627 1725 724 Ἐχθρία.
1824 639 1885 679 ²²
1905 627 2175 723 α’πάρας
2218 634 2292 704 δὲ
2332 633 2594 705 ’ἐκεῖθεν

367 735 567 828 ὤρυξε
623 738 831 829 φρέαρ
890 738 1109 826 ἕτερον
1124 793 1141 823 ,
1217 740 1331 807 καὶ
1388 732 1507 808 οὐκ
1564 739 1957 825 ἐμαχέσαντο
2002 740 2157 829 περὶ
2201 732 2397 808 αὖτοῢ
2410 765 2424 779 ·
2482 742 2597 809 καὶ

367 838 756 928 ἐπωνόμασε
824 842 901 913 τὸ
968 839 1170 928 ὄνομα
1233 841 1429 911 αὐτοῦ
1483 837 1881 933 Εὖρυχωρία,
1956 843 2159 930 λέγων
2220 839 2418 913 Διότι
2482 852 2595 913 νῦν

367 943 684 1014 ἔπλότυνε
734 941 970 1045 κύριοςι
995 945 1144 1037 ἡμῖν
1186 948 1298 1015 καὶ
1337 944 1602 1037 ηἴξησεν
1647 944 1813 1038 ἡμᾶς
1856 946 1976 1015 ἐπὶ
2004 952 2117 1037 τῆς
2144 952 2274 1037 γῆς.
2331 946 2597 1041 *θᾶνέβη

301 1070 334 1116 5
369 1049 442 1118 δὲ
486 1050 744 1119 ἐκεῖθεν
785 1051 905 1119 ἐπὶ
946 1050 1022 1121 τὸ
1054 1051 1265 1141 φρέαρ
1294 1058 1413 1120 τοῦ
1451 1050 1659 1142 ὅρκου.
1724 1052 1908 1120 Μκαὶ
1938 1049 2141 1141 ἆίφθη
2172 1045 2349 1142 αὖτῷ
2377 1048 2599 1142 κύριος

369 1152 437 1221 ἐν
473 1158 558 1245 τῇ
599 1154 778 1222 νυκτὶ
816 1151 1030 1246 ἐκείνῃ
1082 1155 1194 1223 καὶ
1239 1149 1424 1223 εἶπεν
1463 1149 1627 1243 Ἐγώ
1670 1154 1806 1240 εἶμι
1846 1150 1883 1225 ὃ
1928 1154 2090 1236 θεὸς
2131 1150 2432 1245 ,Ἀβραὰμ
2480 1161 2598 1224 τοῦ

369 1256 621 1347 πατρός
665 1280 813 1343 σου,
860 1260 950 1349 μὴ
995 1264 1234 1349 φοβοῦ·
1288 1246 1452 1343 μετὰ
1499 1264 1618 1329 σοῦ
1659 1260 1778 1349 γὰρ
1808 1257 1946 1344 εἶμί
1961 1314 1976 1340 ,
2022 1260 2135 1327 καὶ
2165 1252 2491 1350 εὐλογήσω
2522 1283 2628 1329 σε·

370 1361 483 1428 καὶ
544 1364 862 1451 πληθυνῶ
915 1362 992 1433 τὸ
1052 1361 1320 1451 σπέρμα
1364 1385 1480 1431 σου
1535 1366 1620 1431 δι’
1659 1356 1961 1454 ,Ἀβραὰμ
2000 1362 2114 1433 τὸν
2154 1361 2412 1453 πατέρα
2456 1386 2592 1433 σου.

359 1454 438 1507 ’95
463 1466 577 1533 καὶ
641 1458 1052 1556 ᾠκοδόμησεν
1118 1465 1251 1536 ἐκεῖ
1312 1466 1783 1557 θυσιαστήριον
1841 1467 1957 1535 καὶ
2009 1466 2456 1535 ἐπεκαλέσατο
2515 1466 2593 1537 τὸ

273 1598 333 1643 10
366 1565 572 1654 ὄνομα
611 1567 830 1657 κυρίου
845 1622 862 1653 ,
912 1570 1024 1637 καὶ
1067 1567 1300 1660 ἔπηξεν
1343 1570 1476 1640 ἐκεῖ
1516 1572 1634 1661 τὴν
1675 1571 1911 1661 σκηνὴν
1951 1564 2148 1638 αὐτοῦ
2162 1596 2179 1611 ·
2234 1567 2476 1660 ὄρυξαν
2518 1572 2593 1641 δὲ

367 1673 503 1741 ἐκεῖ
545 1670 612 1741 οἱ
655 1676 895 1754 παῖδες
935 1674 1150 1742 Ἰσαὰκ
1193 1674 1398 1764 φρέαρ
1451 1674 1517 1743 ἐν
1555 1682 1638 1765 τῇ
1682 1670 1963 1765 φάραγγι
2006 1673 2313 1765 Γεράρων.
2403 1674 2592 1740 nnat

364 1770 706 1864 Ἀβιμέλεχ
750 1774 1084 1867 ἐπορεύθη
1125 1778 1294 1866 πρὸς
1340 1776 1535 1846 αὐτὸν
1587 1772 1727 1847 ἀπὸ
1770 1774 2067 1867 Γεράρων
2083 1832 2101 1862 ,
2163 1777 2277 1845 καὶ
2313 1770 2591 1861 Ὀχοζὰθ

365 1878 404 1947 ὃ
447 1881 872 1970 νυμφαγωγὸς
929 1874 1119 1949 αὐτοῦ
1162 1882 1276 1949 καὶ
1327 1882 1547 1965 Φιχώλ
1591 1878 1628 1950 ὅ
1686 1875 2190 1972 ἀρχιστράτηγος
2247 1888 2364 1971 τῆς
2402 1878 2591 1949 δυνά-

365 2011 536 2070 μεως
580 1984 791 2058 αὐτοῦ.
887 1990 948 2029 ²⁷
961 1987 1073 2054 καὶ
1129 1980 1317 2054 εἶπεν
1362 1980 1584 2067 αὐτοῖς
1621 1980 1838 2054 Ἰσαὰκ
1867 1986 2001 2054 Ἵνα
2038 1985 2108 2054 τί
2145 1984 2382 2077 ἤλθετε
2425 1986 2593 2075 πρὸς

271 2124 331 2170 15
365 2089 486 2175 μέ,·
539 2087 726 2175 ὑμεῖς
767 2089 844 2158 δὲ
890 2086 1245 2180 ἕμισήσατέ
1293 2116 1376 2176 με
1419 2090 1531 2158 καὶ
1579 2088 2084 2173 ἒξαπεστείλατέ
2119 2116 2202 2177 με
2248 2083 2360 2178 ἀφ’
2400 2087 2591 2176 ὑμῶν.

374 2196 436 2237 ²⁸
459 2189 522 2260 οἱ
579 2193 654 2260 δέ
701 2187 898 2260 εἶπαν
935 2187 1200 2273 Ἰδόντες
1259 2190 1628 2281 ἑωράκαμεν
1683 2192 1792 2262 ὅτι
1852 2188 1929 2283 ἦν
1984 2193 2201 2283 κύριος
2241 2194 2406 2279 μετὰ
2445 2200 2585 2279 σοῦ,

365 2296 478 2364 καὶ
528 2294 806 2383 εἴπαμεν
848 2306 910 2365 Γ
909 2296 1167 2366 ενέσθω
1221 2290 1348 2385 ἆρὰ
1399 2298 1528 2365 οἷνὰ
1583 2296 1784 2383 μέσον
1825 2294 2003 2387 ἡμῶν
2063 2298 2176 2364 καὶ
2228 2291 2353 2365 ἆνὰ
2386 2297 2589 2383 μέσον

365 2407 483 2468 σοῦ
497 2454 514 2486 ,
587 2400 701 2468 καὶ
759 2397 1230 2491 διαθησόμεθα
1281 2402 1448 2488 μετὰ
1510 2409 1631 2468 σοῦ
1690 2397 2016 2493 διαθήκην
2088 2406 2147 2445 ²⁹
2159 2401 2249 2492 μὴ
2312 2408 2592 2492 ποιῆσαι

360 2509 518 2590 μεθ’
562 2502 743 2596 ἡμῶν
784 2503 1002 2586 κακόν,
1077 2502 1323 2575 καθότι
1369 2499 1483 2573 οὖκ
1533 2501 2025 2593 έβδελυξάμεθά
2066 2528 2142 2573 σε
2185 2503 2373 2597 ἡμεῖς
2386 2559 2407 2594 ,
2476 2504 2591 2572 καὶ

501 2761 532 2814 1
573 2771 938 2829 επωνομασεν
970 2756 1101 2822 At1‚
1143 2772 1462 2829 επονομασε
1497 2775 1526 2810 z
1555 2761 1566 2826 Ι
1600 2759 1631 2813 1
1670 2757 1862 2827 αυτου]
1898 2775 1997 2810 του
2034 2774 2210 2810 τοπου
2248 2771 2539 2811 εκεινουό
2575 2756 2585 2827 Ι

363 2849 393 2901 1
416 2842 739 2919 εκχθριαᾏ,
780 2843 846 2898 de
888 2861 992 2915 quo
1009 2843 1248 2898 Baberua
1272 2843 1330 2898 in
1357 2845 1631 2899 uolumine
1655 2845 1846 2915 quarto
1869 2844 2043 2898 taoet.
2084 2841 2325 2913 „Aqm’la
2356 2844 2414 2897 et
2433 2842 2589 2912 Sym-

362 2930 583 2986 machus
618 2947 996 3003 αντικειμενη,
1035 2934 1400 2989 εναντιωσις“
1434 2930 1468 2985 b
1501 2931 1510 2998 Ι
1541 2933 1576 2986 2
1618 2934 1821 3006 ωρυξεν
1851 2928 1955 2984 Aet
1973 2934 1991 2965 ¹
2022 2929 2030 2998 Ι
2061 2933 2097 2986 2
2134 2943 2486 3002 εμαχησαντο
2526 2927 2587 2993 Ε,

363 3032 742 3090 εμαχευσαντο
778 3034 809 3071 z
837 3017 848 3086 Ι
878 3017 913 3069 2
947 3036 1041 3070 και
1078 3016 1309 3071 alterum
1344 3027 1411 3077 >
1445 3035 1474 3070 z
1516 3018 1527 3082 Ι
1564 3018 1602 3071 3
1640 3031 2011 3088 επωνομασεν
2045 3015 2226 3081 AEt1,
2266 3029 2590 3087 επονομασε

363 3105 426 3158 δε
457 3123 484 3157 z
515 3105 526 3172 Ι
556 3105 590 3158 4
627 3104 930 3157 επλατυνεν
963 3102 1141 3157 AEmt
1169 3104 1179 3171 Ι
1207 3104 1245 3158 4
1279 3105 1406 3157 ante
1441 3122 1628 3177 κυριος
1662 3105 1728 3172 -Ι-
1765 3123 1796 3154 ο
1831 3104 1915 3156 mt
1942 3105 1953 3169 Ι
1994 3101 2031 3158 5
2062 3103 2189 3171 post
2225 3119 2415 3176 κυριος
2452 3102 2517 3169 -Ι-
2558 3121 2589 3154 ο
2662 3125 2680 3142 ·

363 3198 500 3250 θεος
533 3191 615 3243 mt
675 3190 686 3258 Ι
748 3191 780 3243 7
830 3192 1112 3259 ηυλογηκα
1146 3190 1197 3243 D
1224 3189 1341 3260 [aa]
1367 3189 1439 3252 Ε,
1496 3192 1771 3259 ευλογηκα
1806 3191 1983 3244 amtz.
2023 3188 2167 3253 „AA
2189 3187 2281 3241 LL
2318 3189 2589 3258 ευλογηκα

363 3293 424 3331 σε
442 3281 475 3304 “
510 3275 546 3331 b
609 3277 620 3346 Ι
685 3276 720 3330 8
757 3276 853 3329 δια
889 3275 987 3330 AD
1015 3275 1130 3347 [GR]
1156 3292 1240 3330 mz
1307 3277 1316 3344 Ι
1384 3275 1419 3329 9
1450 3277 1577 3329 ante
1622 3295 1719 3329 και
1757 3276 1989 3331 alterum
2030 3277 2095 3344 -Ι-
2134 3295 2211 3330 τω
2260 3294 2429 3347 κυριω
2463 3274 2539 3327 ΕΖ
2578 3273 2587 3344 Ι

363 3364 399 3418 9
431 3363 820 3432 επεκαλεσατο]
878 3376 1212 3433 επωνομασε
1245 3379 1276 3416 z
1343 3364 1352 3431 Ι
1419 3362 1454 3414 9
1491 3363 1618 3417 ante
1667 3381 1729 3416 το
1767 3365 1833 3432 -Ι-
1886 3381 1995 3417 εκει
2030 3361 2076 3414 Ε
2144 3366 2153 3429 Ι
2219 3363 2287 3417 11
2335 3376 2466 3414 ισακ
2503 3375 2538 3414 a
2577 3357 2587 3429 Ι

365 3451 428 3505 11
467 3466 644 3523 φρεαρ
675 3450 801 3517 post
835 3466 1085 3523 γεραρων
1124 3450 1333 3518 ponunt
1367 3448 1524 3504 Emtz
1569 3450 1580 3520 Ι
1631 3451 1695 3505 11
1736 3465 1797 3502 εν
1833 3468 1899 3523 τῃ
1939 3466 2196 3522 φαραγγι
2234 3465 2486 3519 γεραρων
2520 3454 2590 3505 >

363 3534 462 3589 AD
491 3535 602 3603 [GR]
630 3550 700 3604 ay
729 3537 739 3601 Ι
773 3537 838 3589 11
875 3553 940 3607 τῃ
976 3542 1045 3593 >
1081 3536 1164 3588 mt
1193 3534 1202 3602 Ι
1235 3535 1303 3588 12
1337 3554 1485 3608 προς
1530 3553 1705 3588 αυτον
1730 3543 1799 3594 >
1820 3550 1875 3587 m
1906 3537 1915 3600 Ι
1950 3533 2018 3588 12
2058 3534 2264 3603 οχοζαχ
2298 3533 2349 3586 D
2377 3530 2527 3601 [GB],
2559 3531 2590 3586 ὁ

354 3623 548 3690 χοζαθ
581 3635 614 3673 a
651 3621 710 3691 [y
739 3620 770 3672 ὁ
803 3620 860 3673 in
895 3619 1003 3673 fine
1038 3636 1226 3676 uersus
1258 3621 1418 3676 unius
1434 3660 1449 3685 ,
1499 3622 1690 3690 χοζαθ
1724 3620 1884 3674 initio
1938 3619 2162 3674 alterius
2210 3617 2399 3688 habet]
2418 3657 2431 3682 ,
2486 3637 2591 3688 χο-

364 3708 458 3768 ζατ
480 3723 510 3760 z
540 3706 550 3774 Ι
582 3706 650 3760 13
683 3709 850 3776 φικολ
881 3705 980 3760 AD
1009 3705 1159 3777 [GR]‚
1196 3710 1367 3778 φιχολ
1392 3707 1529 3776 an,
1566 3725 1751 3781 φιγωρ
1789 3723 1846 3771 c,
1884 3710 1987 3778 φιλ
2009 3709 2120 3770 mt,
2157 3709 2331 3777 φιλοχ
2355 3723 2384 3758 z
2414 3707 2425 3771 Ι
2457 3705 2525 3761 13
2559 3722 2590 3757 ο

363 3793 594 3848 alterum
612 3801 681 3851 >
697 3791 752 3861 ΖΙ
779 3793 846 3847 14
869 3791 1187 3859 ηλθατεΑῙ)
1205 3792 1314 3861 [GR]
1343 3793 1414 3864 ΕΙ
1438 3793 1508 3849 15
1533 3807 1863 3863 εμεισησατε
1888 3792 1937 3847 Α
1959 3792 1967 3863 Ι
1992 3793 2060 3848 15
2084 3795 2443 3847 απεστειλατε
2455 3790 2591 3859 Aay,

363 3880 736 3932 αποστειλατε
773 3895 801 3931 z
833 3880 843 3944 Ι
874 3879 944 3933 15
979 3896 1052 3949 με
1090 3879 1314 3932 tertium
1338 3888 1407 3937 >
1430 3895 1459 3934 z
1490 3877 1500 3948 Ι
1532 3879 1600 3933 16
1638 3899 1695 3931 οι
1732 3878 1797 3932 δε
1834 3878 1930 3944 ab,
1968 3897 2063 3932 και
2087 3877 2185 3932 AD
2213 3877 2329 3947 [GR]
2354 3876 2541 3930 Ecmtz
2578 3874 2588 3945 Ι

364 3965 430 4019 16
476 3981 639 4017 scaev
673 3979 730 4018 oz
801 3963 810 4033 Ι
880 3966 944 4019 16
985 3966 1111 4018 ante
1164 3964 1378 4023 ιδοντες
1414 3966 1481 4033 -Ι-
1521 3984 1667 4017 αυτω
1703 3979 1759 4028 c,
1821 3967 1948 4033 post
1998 3965 2212 4024 ιδοντες
2250 3966 2314 4031 -Ι-
2353 3975 2416 4014 σε
2452 3961 2589 4031 atyl

364 4051 432 4105 16
468 4068 538 4116 ην
572 4058 641 4108 >
676 4067 704 4102 z
769 4049 779 4119 Ι
846 4049 914 4105 16
948 4069 1134 4124 κυριος
1178 4068 1247 4116 ην
1283 4065 1312 4104 o
1375 4053 1385 4115 Ι
1446 4052 1514 4105 17
1547 4066 1787 4122 ειπομεν
1829 4066 1889 4106 cz
1956 4051 1965 4119 Ι
2034 4050 2099 4104 17
2136 4048 2313 4119 ημων]
2367 4060 2469 4099 σου
2506 4061 2536 4099 c
2579 4044 2589 4114 Ι

367 4137 432 4192 17
471 4153 579 4189 ava
614 4150 800 4206 μεσον
835 4136 1064 4191 alterum
1094 4145 1163 4195 >
1200 4153 1230 4190 z
1279 4136 1288 4206 Ι
1339 4135 1406 4190 18
1441 4151 1542 4188 σου
1578 4135 1695 4204 και]
1730 4155 1888 4206 ημων
1924 4154 2019 4188 και
2062 4149 2093 4187 c
2145 4135 2154 4202 Ι
2210 4133 2277 4187 18
2315 4132 2591 4198 διαθησο-

363 4242 470 4294 μαι
507 4223 552 4276 Ε
607 4225 617 4289 Ι
674 4221 742 4276 18
775 4239 1036 4289 ποιησειν
1070 4222 1168 4277 AD
1197 4222 1312 4293 [GR]
1347 4225 1556 4293 amtyz,
1603 4236 1835 4289 ποιησιν
1872 4221 1917 4274 Ε
1970 4222 1981 4286 Ι
2044 4220 2111 4276 19
2146 4220 2274 4273 ante
2307 4235 2485 4271 κακον
2526 4220 2590 4283 -Ι-

364 4309 548 4379 μηδεν
580 4308 625 4361 Ε
657 4310 666 4373 Ι
699 4309 766 4362 19
802 4327 976 4362 κακον
998 4308 1047 4363 Α
1066 4314 1086 4345 ¹
1123 4311 1264 4364 teste
1299 4308 1505 4363 Babero
1520 4348 1534 4373 ,
1571 4323 1715 4362 nuno
1749 4327 1891 4361 κακα
1930 4307 2187 4376 sequente
2222 4319 2413 4360 rasura
2433 4303 2595 4358 unius

362 4393 556 4448 literae
602 4393 787 4463 capaci
834 4395 892 4448 et
931 4414 967 4446 α
1009 4434 1043 4460 ,,
1058 4410 1091 4448 a
1137 4397 1431 4450 conectere
1480 4393 1802 4464 perantiquo
1841 4409 2002 4463 super
2035 4407 2224 4446 rasura
2239 4396 2272 4420 “
2312 4389 2513 4458 scripto
2579 4389 2589 4460 Ι

366 4478 435 4536 19
469 4497 630 4550 ημεις
681 4494 745 4532 σε
789 4497 889 4532 ουκ
935 4481 1359 4555 εβδελυξαμεθα
1409 4482 1458 4535 A
1503 4479 1625 4551 [sed
1657 4480 1925 4546 Baberus,
1982 4480 2042 4536 in
2087 4477 2359 4535 uolumine
2403 4478 2596 4548 quarto
