3169 4941
292 611 320 656 1

291 1026 326 1072 5

259 1542 326 1588 10

1333 427 1560 486 Genesis
1596 431 1652 486 9.
2524 432 2595 487 31

359 582 758 677 πληρώσατε
797 586 914 677 τὴν
953 593 1068 677 γῆν
1118 587 1235 656 καὶ
1275 585 1816 678 κατακυριεύσατε
1860 582 2073 680 αὐτῆς.
2170 594 2198 633 ¹
2214 589 2325 658 καὶ
2366 587 2403 658 ὃ
2445 591 2598 682 τρό-

358 717 489 776 μος
524 691 636 758 καὶ
680 688 718 759 ὃ
761 687 973 781 φόβος
1014 689 1188 777 ὖμῶν
1229 692 1416 762 &brat
1457 692 1578 760 ἐπὶ
1620 699 1792 760 πᾶσι
1833 697 1976 773 τοῖς
2016 693 2283 782 θηρίοις
2322 700 2437 784 τῆς
2464 700 2597 784 γῆς,

359 794 484 862 ἐπὶ
525 791 746 862 §tofina
782 795 866 862 τὰ
908 795 1181 864 πετεινὰ
1216 800 1335 862 τοῦ
1377 793 1652 884 οὐρανοῦ
1692 795 1807 863 καὶ
1845 795 1965 864 ἐπὶ
2006 794 2228 864 πάντα
2269 797 2353 864 τὰ
2381 795 2597 864 κινού-

359 925 527 984 μενα
575 899 694 967 ἐπὶ
735 908 852 989 τῆς
889 905 1006 990 γῆς
1045 898 1159 966 καὶ
1199 897 1320 966 ἐπὶ
1349 896 1609 980 πάντας
1634 926 1790 981 τους
1824 897 2061 982 ἰχθύας
2086 905 2199 989 τῆς
2225 897 2596 992 θαλάσσης·

359 1000 496 1071 ὑπὸ
532 1008 755 1090 χεῖρας
794 1000 942 1088 ὑμῖν
984 1001 1255 1070 δέδωκα.
1325 1007 1352 1046 ⁸
1365 1004 1476 1070 καὶ
1518 1011 1663 1074 πᾶν
1706 1000 2065 1092 ἓρπετόν,“
2039 1001 2076 1071 ό
2107 1003 2247 1071 ἐστι
2278 1005 2419 1086 ζῶν,
2450 1003 2599 1089 ὑμῖν

361 1104 550 1174 ἔσται
593 1105 688 1186 εἰς
730 1113 979 1196 βρῶσιν
993 1128 1010 1145 ·
1055 1103 1146 1185 ὥς
1187 1102 1432 1190 λάχανα
1471 1105 1707 1196 χόρτου
1749 1107 2001 1174 δέδωκα
2041 1103 2193 1191 ὑμῖν
2230 1107 2313 1174 τὰ
2352 1103 2595 1174 πάντα.

371 1217 402 1254 ⁴
425 1211 594 1301 πλὴν
647 1210 838 1299 κρέας
890 1210 958 1277 ἐν
1015 1212 1248 1296 αἵματι
1309 1219 1520 1300 ψυχῆς
1584 1204 1660 1278 οὗ
1702 1209 2021 1301 φάγεσθε.
2118 1214 2146 1252 ⁵
2178 1210 2291 1278 καὶ
2346 1210 2465 1301 γὰρ
2514 1211 2593 1280 τὸ

361 1312 673 1402 ὑμέτερον
721 1305 884 1399 αἷμα
925 1319 1054 1382 τῶν
1099 1320 1326 1404 ψυχῶν
1363 1312 1571 1400 ὑμῶν,
1634 1313 1707 1382 ἐκ
1748 1313 1961 1404 χειρὸς
2003 1311 2266 1382 πάντων
2302 1322 2431 1384 τῶν
2466 1321 2594 1402 θη-

363 1417 523 1505 ρι’ων
569 1414 894 1508 ἐκζηῖιήσω
935 1410 1124 1486 αὐτό·
1177 1444 1291 1486 και
1321 1417 1394 1486 ἐκ
1431 1419 1647 1508 χειρὸς
1667 1412 2053 1544 εἅνθρωποι)
2089 1415 2379 1507 ἀδελφοῦ
2418 1419 2595 1508 ἐκζη-

361 1521 538 1612 τήσω
577 1522 690 1612 τὴν
732 1521 942 1611 ψυχὴν
979 1526 1098 1590 τοῦ
1137 1514 1515 1610 ἀνθρώπου.
1613 1519 1686 1566 ‘³‘
1653 1547 1690 1590 o
1745 1521 1981 1604 ἐκχέων
2026 1514 2189 1607 αἷμα
2232 1515 2595 1610 ἀνθρώπου

361 1622 512 1692 ἀντὶ
568 1629 688 1692 τοῦ
741 1627 1020 1709 αἵματος
1085 1619 1281 1694 αὗτοῢ
1335 1625 1757 1715 ἐκχυθήσεται
1772 1677 1787 1707 ,
1860 1623 1965 1692 ὅτι
2035 1624 2104 1692 ἐν
2161 1623 2361 1694 εἰκόνι
2425 1631 2592 1692 θεοῦ

361 1726 650 1818 ἐποίησα
703 1729 816 1796 τὸν
869 1726 1247 1818 ἄνθρωπον.
1346 1727 1565 1813 ’ὑμεῖς
1621 1729 1695 1796 δὲ
1750 1721 2115 1810 αὖξάνεσθε
2172 1728 2285 1796 καὶ
2330 1726 2593 1818 πληθύ-

361 1838 567 1900 νεσθε
579 1885 598 1916 ,
674 1831 786 1900 καὶ
842 1829 1224 1922 πληρώσατε
1281 1834 1398 1923 τὴν
1451 1837 1564 1923 γῆν
1622 1833 1731 1900 καὶ
1788 1829 2321 1922 κατακυριεύσατε
2382 1826 2590 1924 αὐτῆς.

369 1941 398 1980 ⁸
413 1935 529 2004 καὶ
571 1929 760 2004 εἶπεν
799 1934 836 2004 ὃ
879 1936 1044 2017 θεὸς
1085 1943 1180 2026 τῷ
1223 1943 1379 2005 Νῶε
1433 1936 1546 2005 καὶ
1602 1942 1746 2017 τοῖς
1780 1933 1947 2016 υἱοῖς
1984 1934 2181 2004 αὐτοῦ
2220 1929 2358 2022 μετ’
2396 1931 2593 2005 αὐτοῦ

504 2112 536 2165 1
572 2110 690 2164 1000
727 2129 822 2162 και
860 2109 1057 2179 prioris
1091 2110 1138 2163 Ε
1171 2129 1241 2162 κα
1271 2108 1280 2178 Ι
1315 2109 1400 2180 1s2
1436 2111 1562 2178 post
1595 2110 1887 2182 τρομος-Ι-
1908 2128 2068 2179 ημων
2108 2127 2139 2164 z
2169 2109 2179 2180 Ι
2215 2111 2298 2182 1s2
2334 2118 2508 2182 φοβος
2536 2113 2592 2165 et

357 2215 563 2269 τρομρς
593 2196 739 2251 locos
774 2200 986 2251 mutant
1021 2196 1080 2249 in
1113 2196 1246 2250 Ear:
1284 2215 1377 2248 και
1417 2215 1448 2248 ο
1473 2214 1680 2270 τρομος
1708 2205 1777 2255 >
1806 2197 1833 2248 t
1880 2195 1889 2263 Ι
1937 2194 1971 2246 2
2006 2215 2161 2264 υμων
2194 2198 2321 2250 ante
2358 2216 2453 2250 και
2488 2195 2589 2252 AD

365 2280 526 2350 [teste
562 2281 785 2353 Grabio]
826 2300 945 2338 acm
979 2282 1098 2352 [sed
1135 2299 1218 2336 cm
1255 2283 1420 2336 etiam
1467 2284 1594 2350 post
1638 2287 1819 2352 φοβος
1849 2280 2074 2351 habent]
2133 2282 2142 2349 Ι
2200 2281 2235 2334 2
2272 2298 2448 2335 πασιν
2476 2281 2525 2335 A
2576 2283 2585 2353 Ι

363 2369 398 2422 2
422 2371 550 2437 post
581 2389 684 2439 γης
699 2371 766 2438 -Ι-
785 2389 882 2422 και
917 2387 1012 2423 επι
1049 2384 1194 2422 πασι
1225 2388 1346 2428 τοις
1370 2385 1592 2435 κτηνεσι
1619 2386 1713 2433 της
1738 2385 1841 2436 γης
1864 2367 1914 2420 D
1941 2365 2105 2435 [teste
2122 2365 2347 2438 Grabio]
2383 2368 2428 2421 E
2458 2368 2589 2437 [nisi

363 2455 507 2525 quod
533 2455 818 2526 κτηνεσιν]
839 2457 921 2512 mt
949 2457 958 2525 Ι
991 2457 1026 2511 3
1041 2458 1167 2511 ante
1187 2474 1282 2509 επι
1301 2455 1451 2525 prius
1470 2457 1536 2524 -Ι-
1557 2474 1652 2507 και
1672 2453 1935 2508 AEomrtz
1964 2456 1973 2516 Ι
2002 2454 2038 2508 3
2058 2469 2281 2507 neuma
2298 2452 2388 2518 bc,
2424 2472 2587 2528 ορνεα

360 2542 458 2596 AD
497 2542 662 2610 [teste
697 2541 921 2613 Grabio]
957 2542 1176 2596 Eamrtz
1207 2543 1216 2610 Ι
1248 2541 1337 2602 314
1372 2558 1702 2611 κεινουμενα
1738 2538 1838 2593 AD
1880 2539 2039 2608 [teste
2072 2538 2301 2605 Grabio,
2340 2541 2433 2611 qui
2468 2559 2502 2595 a
2536 2542 2587 2595 D

361 2628 524 2683 etiam
560 2648 630 2681 τα
664 2628 908 2697 proxima
941 2627 1266 2698 praecedens
1303 2627 1507 2683 afuisse
1541 2627 1730 2697 refert]
1764 2628 1775 2694 Ι
1802 2626 1841 2680 4
1876 2644 1971 2679 em
1998 2626 2237 2680 ultorum
2276 2638 2344 2687 >
2378 2627 2587 2694 Aacmt,

359 2732 476 2767 παν
495 2715 644 2769 uocis
669 2732 812 2768 nom
821 2736 887 2776 ας
918 2715 1156 2783 proxime
1194 2714 1468 2784 sequentis
1493 2712 1587 2767 A
1569 2731 1629 2768 m
1664 2728 1853 2769 raam-a
1882 2713 1891 2783 Ι
1922 2713 1958 2768 5
1985 2730 2093 2767 υπο
2109 2731 2303 2788 χειρας
2327 2714 2586 2779 AEbcrtz,

359 2818 714 2875 υποχειριους
748 2816 812 2865 a,
873 2820 985 2855 υπο
1024 2819 1217 2876 χειρος
1251 2817 1310 2854 ιιι
1369 2802 1380 2867 Ι
1445 2801 1479 2855 5
1531 2818 1761 2875 ερπετον
1794 2798 2121 2864 AEabmrtz,
2182 2818 2444 2855 πετεινον
2490 2818 2520 2857 0
2574 2801 2583 2873 Ι

359 2886 392 2939 5
415 2887 534 2940 loeo
571 2902 690 2939 εστι
713 2885 763 2940 A
796 2886 972 2941 literis
1005 2903 1148 2941 mmo
1185 2885 1428 2941 euanidis
1466 2901 1654 2952 εσται,
1689 2901 1841 2939 εστιν
1876 2885 1922 2939 Ε
1952 2887 1965 2954 Ι
1995 2887 2027 2940 5
2060 2888 2225 2947 ζῶιον
2247 2886 2365 2941 1000
2391 2889 2495 2948 ζων
2516 2905 2547 2941 ι·
2574 2887 2583 2958 Ι

357 2974 394 3027 6
424 2972 645 3027 δεδωκα
679 2972 990 3037 Eabcmrtz,
1029 2974 1210 3027 εδωκα
1244 2972 1294 3027 A
1341 2974 1350 3041 Ι
1398 2974 1432 3028 6
1469 2991 1608 3043 υμιν
1644 2974 1772 3027 ante
1814 2973 2035 3026 δεδωκα
2068 2989 2098 3026 1·
2146 2971 2156 3041 Ι
2208 2974 2245 3027 6
2278 2992 2347 3025 τα
2385 2984 2453 3033 >
2491 2990 2520 3027 1·
2570 2973 2581 3045 Ι

355 3058 394 3111 6
429 3077 498 3111 τα
536 3075 720 3111 narra
755 3069 824 3119 >
859 3076 890 3114 z
920 3059 930 3129 Ι
971 3061 1003 3114 7
1041 3077 1174 3133 κρεα
1211 3061 1350 3113 cmtz
1394 3060 1403 3127 Ι
1449 3059 1481 3112 7
1519 3068 1699 3127 ψυχης
1732 3076 1931 3127 αιματι
1962 3074 2020 3121 r,
2058 3056 2118 3111 in
2154 3058 2305 3112 cuius
2342 3059 2589 3129 margine

361 3162 431 3195 ακ
469 3144 532 3199 ἐν
569 3148 726 3213 ψυχῆ
759 3164 934 3199 αυτ-ου
971 3165 1114 3215 αιμα
1155 3143 1351 3198 o'wrov:
1387 3158 1457 3196 συ
1499 3141 1568 3195 ὁῢ
1604 3147 1861 3211 συνψυχῆ
1900 3141 2075 3197 ἀυτου
2111 3138 2255 3214 αἷμα
2293 3165 2493 3202 αυτου.
2528 3146 2587 3199 in

355 3228 602 3297 margine
635 3229 670 3283 b
713 3245 778 3283 ex
811 3229 1012 3301 Aquila
1045 3229 1192 3285 idem
1235 3230 1550 3298 adlegatu,
1590 3245 1618 3283 e
1656 3228 1976 3297 Symmacho
2014 3219 2081 3283 οὗ
2115 3245 2220 3284 συν
2254 3248 2406 3305 ψυχῃ
2442 3252 2584 3305 αιμα

359 3334 528 3367 αυτου
559 3316 570 3384 Ι
602 3317 633 3370 7
669 3322 962 3394 φαγεσθαι
995 3316 1041 3370 Ε
1083 3317 1162 3386 [et
1188 3317 1418 3371 fortasse
1453 3334 1506 3369 m
1538 3333 1573 3371 a
1608 3315 1784 3385 prima
1818 3316 2004 3386 manu]
2060 3316 2070 3383 Ι
2123 3316 2158 3370 8
2194 3327 2397 3386 ψυχων
2429 3336 2588 3390 υμων

353 3399 534 3455 literis
568 3401 868 3457 minoribus
901 3419 935 3456 a
957 3403 1132 3471 prima
1166 3419 1327 3457 manu
1355 3402 1527 3457 serius
1553 3402 1755 3471 scripta
1781 3418 1941 3472 quam
1966 3404 2143 3457 cetera
2160 3400 2209 3455 A
2238 3401 2249 3471 Ι
2278 3404 2314 3458 8
2336 3422 2497 3474 ημων
2518 3405 2547 3457 t
2570 3402 2581 3474 Ι

323 3510 340 3523 ·
357 3486 394 3539 8
424 3488 552 3555 post
587 3506 748 3558 υμων
782 3491 845 3554 -Ι-
881 3491 1150 3556 εκζητησω
1184 3488 1362 3558 prima
1395 3505 1560 3543 manu
1601 3488 1660 3541 in
1694 3504 1883 3542 rasura
1916 3486 1965 3540 A
1982 3527 1995 3550 ‚
2046 3486 2191 3541 idem
2229 3489 2293 3555 -Ι-
2334 3488 2384 3541 D
2423 3488 2587 3557 [tento

357 3570 584 3642 Grabio]
619 3588 705 3626 mr
757 3575 767 3639 Ι
821 3572 910 3643 819
947 3591 1008 3627 εκ
1050 3591 1242 3647 χειρος
1289 3592 1518 3630 παντων
1562 3592 1674 3627 των
1720 3580 1937 3647 θηριων
1967 3583 2035 3633 >
2072 3573 2173 3627 Etz
2227 3575 2236 3643 Ι
2288 3576 2324 3630 8
2360 3592 2586 3630 παντων

357 3668 428 3719 >
466 3676 523 3711 ιιι
567 3662 576 3729 Ι
629 3660 666 3714 9
701 3678 838 3713 αυτο
889 3678 984 3712 και
1025 3669 1094 3720 >
1129 3676 1162 3715 z
1205 3662 1216 3727 Ι
1260 3662 1296 3717 9
1333 3667 1643 3732 ανθρωπου
1681 3670 1750 3720 >
1793 3676 1823 3714 r
1866 3660 1875 3729 Ι
1918 3662 1953 3715 9
2000 3662 2127 3715 anto
2166 3667 2477 3737 ανθρωπου
2515 3664 2582 3730 -Ι-

357 3764 458 3797 του
483 3745 547 3810 Ε,
587 3746 792 3819 ανδρος
825 3764 927 3799 του
963 3745 1080 3799 1000
1121 3753 1424 3821 ανθρωπου
1459 3749 1542 3800 mt
1571 3748 1580 3814 Ι
1618 3748 1653 3801 9
1676 3748 1803 3815 post
1826 3747 2076 3820 αδελφου
2097 3748 2164 3815 -Ι-
2184 3767 2353 3801 αυτου
2378 3751 2545 3803 omrtz
2572 3748 2581 3819 Ι

357 3832 482 3898 9110
517 3834 647 3901 post
701 3834 968 3898 εκζητησω
1004 3834 1070 3900 -Ι-
1108 3852 1240 3885 auto
1279 3848 1312 3886 a
1341 3834 1350 3901 Ι
1385 3833 1452 3889 10
1501 3851 1602 3899 την
1652 3844 1841 3902 ψυχην
1888 3852 1987 3886 του
2035 3840 2351 3909 ανθρωπου*
2382 3845 2450 3893 >
2486 3851 2520 3888 a
2570 3834 2581 3905 Ι

355 3917 426 3971 10
461 3919 590 3971 ante
628 3917 745 3983 ο-Ι-
766 3936 860 3970 και
901 3920 986 3972 mt
1014 3921 1023 3984 Ι
1056 3921 1120 3974 11
1158 3920 1286 3987 post
1319 3938 1554 3991 αιματος
1588 3918 1655 3986 -Ι-
1696 3924 2011 3989 ανθρωπου
2044 3938 2107 3971 το
2140 3934 2168 3971 0
2199 3919 2208 3985 Ι
2242 3918 2309 3972 12
2346 3922 2581 3979 αυξανε-

357 4008 498 4055 σθαι
530 4002 581 4055 A
610 4003 622 4072 Ι
667 4002 825 4073 12113
861 4009 1108 4059 θυνεσθε
1143 4024 1238 4059 και
1273 4008 1385 4072 πλη
1423 4005 1600 4073 prima
1634 4020 1799 4058 manu
1847 4004 1906 4057 in
1941 4004 2185 4073 margine
2230 4004 2491 4071 scriptum
2524 4004 2583 4058 in

357 4106 438 4153 m,
475 4090 570 4159 qui
607 4092 916 4151 αυξανεσθε
941 4110 1036 4143 και
1071 4093 1398 4165 πληρωσατε
1433 4093 1650 4145 tanmm
1684 4090 1947 4145 habuerat
1976 4091 1986 4157 Ι
2019 4090 2087 4143 13
2116 4088 2176 4141 in
2199 4104 2403 4153 eorum,
2448 4105 2583 4159 quae

355 4174 502 4229 inter
522 4195 618 4229 και
643 4176 796 4243 prius
822 4177 879 4229 61²
903 4192 1363 4251 κατακυριευσατε
1382 4176 1562 4230 media
1588 4176 1739 4239 sunt,
1776 4175 1953 4228 locum
1975 4191 2005 4226 r
2024 4172 2227 4227 sufficit
2252 4193 2324 4229 επ
2352 4175 2363 4244 Ι
2396 4176 2464 4230 13
2487 4195 2582 4229 κα-

353 4276 757 4333 τακυριευσατε
791 4252 954 4329 αὖτης
981 4261 1214 4326 bcmrtz,
1271 4265 1631 4329 πληθυνεσθε
1670 4278 1768 4313 επι
1803 4278 1899 4326 της
1941 4278 2040 4328 γης
2074 4258 2184 4322 Aa,
2224 4261 2583 4326 πληθυνεσθε

357 4364 430 4399 επ
462 4367 634 4415 αυτης
678 4347 728 4400 D
785 4346 948 4416 [teste
992 4345 1216 4418 Grabio]
1256 4347 1302 4401 E
1355 4348 1366 4417 Ι
1421 4348 1490 4403 14
1534 4346 1663 4413 post
1708 4362 1871 4400 ειπεν
1913 4348 1975 4411 -Ι-
2012 4364 2205 4419 κυριος
2238 4345 2283 4401 Ε
2336 4346 2347 4419 Ι
2402 4350 2471 4405 14
2503 4369 2581 4419 τῳ

353 4431 744 4496 ADEabmsrtz,
778 4451 916 4506 προς
953 4449 982 4489 0
1011 4434 1022 4501 Ι
1055 4434 1124 4488 14
1154 4451 1261 4505 μετ
1296 4452 1472 4487 αυτ-ου
1503 4441 1571 4493 >
1609 4448 1699 4487 am
