3169 4941
543 411 618 468 4⁶
1425 409 1651 470 Genesis
1688 411 1773 468 12.
1813 410 1898 464 13.

542 571 694 663 γυνή
729 594 848 640 σου
894 567 1112 639 ἐναντί
1155 591 1272 638 σου
1287 593 1302 609 ·
1345 568 1564 656 λαβὼν
1608 563 1945 659 ἀπότρεχε.
2020 573 2081 612 ²⁰
2094 568 2207 636 καὶ
2235 563 2603 637 ἐνετείλατο
2631 575 2771 636 Φα-
2809 592 2835 636 1

543 677 680 766 ραώ
723 669 1002 765 α’νδράσι
1036 675 1195 763 περὶ
1218 671 1480 760 ῗἈβραμ
1523 674 2061 763 συμπροπέμψαι
2104 670 2305 742 αὐτὸν
2346 672 2457 740 καὶ
2500 671 2615 758 τὴν
2659 696 2771 760 γυ·-

421 789 510 858 13
543 785 735 848 ναῖκα
779 777 974 847 αὐτοῦ
1019 778 1127 846 καὶ
1171 774 1390 846 πάντα
1403 831 1420 861 ,
1465 777 1591 846 ὅσα
1632 773 1707 868 ἦν
1761 779 1949 865 αὐτῷ.
2032 782 2054 820 ¹
2068 775 2263 866 α’νέβη
2304 777 2379 846 δὲ
2402 774 2661 867 ῗἈβραμ
2700 778 2776 860 ἐξ

542 881 896 972 Αἰγύπτου
942 875 1140 962 αὐτὸς
1179 881 1288 949 καὶ
1331 881 1372 972 ἡ
1410 881 1560 971 γυνὴ
1607 877 1799 949 αὐτοῦ
1845 881 1957 948 καὶ
2000 879 2223 948 πάντα
2281 881 2365 949 τὰ
2420 877 2615 950 αὐτοῦ
2658 881 2771 950 καὶ

537 988 710 1056 Λὼτ
755 991 893 1073 μετ’
947 987 1146 1054 αὐτοῦ
1205 983 1302 1065 εἷς
1350 987 1466 1076 τὴν
1517 983 1773 1075 ἔρημον.
1852 982 2143 1074 ΒῖἈβραμ
2197 984 2271 1054 δὲ
2326 980 2405 1075 ἦν
2457 985 2772 1066 πλούσιος
2804 1009 2837 1054 ⁵

538 1090 796 1181 σφόδρα
853 1086 1112 1180 κτήνεσι
1171 1089 1282 1157 καὶ
1357 1082 1637 1180 ἀργυρίῳ
1691 1088 1798 1156 καὶ
1862 1087 2123 1177 χρυσίῳ.
2209 1093 2235 1132 ³
2250 1088 2361 1156 καὶ
2417 1086 2767 1180 ἐπορεύθη,

539 1194 700 1268 ὅθεν
745 1189 974 1286 ἦλθεν,
1019 1192 1115 1275 εἶς
1157 1194 1272 1284 τὴν
1317 1192 1552 1282 ἔρημον
1594 1191 1715 1272 ἕως
1748 1189 2020 1282 Βαιθήλ
2034 1246 2049 1276 ,
2094 1191 2219 1273 ἕως
2256 1197 2371 1262 τοῦ
2407 1194 2649 1279 τόπου,
2694 1188 2772 1262 οὗ

537 1293 614 1390 ἦν
651 1297 690 1390 ἡ
735 1298 928 1389 σκηνὴ
969 1291 1165 1364 αὐτοῦ
1219 1296 1298 1367 τὸ
1350 1293 1695 1386 πρότερον,
1762 1293 1889 1363 ἀνὰ
1944 1295 2145 1381 μέσον
2180 1298 2449 1387 Βαιθὴλ
2492 1297 2602 1366 καὶ
2642 1295 2770 1366 ἀνὰ

538 1402 736 1488 μέσον
759 1398 990 1488 Ἀγγαί
1005 1452 1021 1483 ,
1089 1405 1118 1444 ⁴
1131 1398 1225 1480 εἰς
1267 1399 1380 1468 τὸν
1419 1399 1629 1469 τόπον
1666 1403 1781 1468 τοῦ
1833 1398 2305 1491 θυσιαστηρίου
2344 1394 2421 1469 οὗ
2460 1399 2767 1492 ἐποίησεν

539 1504 674 1575 ἐκεῖ
713 1506 828 1594 τὴν
873 1497 1066 1596 ἀρχήν
1085 1527 1100 1543 ·
1159 1503 1270 1572 καὶ
1323 1503 1765 1574 ἐπεκαλέσατο
1788 1503 1948 1571 -έκεῖ
1984 1501 2245 1630 ῗἈβραμ
2290 1505 2365 1573 τὸ
2411 1501 2612 1591 ὄνομα
2648 1513 2765 1576 τοῦ
2806 1527 2873 1573 10

539 1609 775 1700 κυρίου.
846 1610 997 1677 ὃκαὶ
1038 1609 1212 1676 Λώτ
1253 1613 1348 1698 τῷ
1387 1607 1933 1697 συμπορευομένῳ
1978 1608 2140 1694 μετὰ
2178 1606 2439 1698 ,Ἀβραμ
2482 1603 2557 1699 ἦν
2597 1609 2769 1699 πρό-

539 1723 711 1802 βατα
758 1715 868 1783 καὶ
906 1710 1062 1801 βόες
1103 1739 1218 1782 και
1261 1711 1508 1804 σκηναί.
1579 1712 1727 1781 θκαὶ
1774 1705 1886 1781 οὐκ
1932 1709 2158 1840 ε’χξόρει
2197 1709 2431 1794 αὐτοὺς
2476 1711 2515 1803 ἡ
2544 1719 2621 1804 γῆ
2648 1741 2769 1781 κα-

538 1824 778 1888 τοικεῖν
831 1817 970 1904 ἅμα
983 1871 999 1902 ‚
1063 1815 1172 1886 ὅτι
1225 1811 1301 1907 ἦν
1353 1818 1435 1885 τὰ
1495 1814 1873 1908 ὑπάρχοντα
1935 1815 2143 1885 αὐτῶν
2202 1812 2453 1886 πολλά·
2504 1844 2616 1886 και
2656 1811 2771 1886 οὗκ

539 1902 761 2053 ἑχΙωρει
806 1915 1041 2002 αὖτοὺς
1079 1919 1120 2012 ἡ
1175 1927 1255 2011 γῆ
1309 1927 1631 1989 κατοικεῖν
1684 1920 1835 2007 ἅμα.
1913 1927 1937 1964 ⁷
1952 1921 2064 1990 καὶ
2118 1921 2369 2008 εγένετο
2419 1917 2589 2012 μάχη
2646 1919 2771 1990 ἀνὰ

539 2028 738 2112 μέσον
781 2031 910 2093 τῶν
949 2023 1284 2111 ποιμένων
1322 2034 1452 2093 τῶν
1470 2029 1741 2149 κτηνῶν
1783 2030 1901 2093 τοῦ
1923 2023 2185 2115 Ἀβραμ
2240 2025 2350 2094 καὶ
2406 2021 2527 2093 ἀνὰ
2569 2026 2769 2112 μέσον
2805 2049 2871 2096 15

540 2134 667 2198 τῶν
727 2129 1060 2216 ποιμένων
1117 2133 1246 2196 τῶν
1299 2132 1539 2219 κτηνῶν
1577 2155 1693 2198 του
1737 2125 1965 2197 Aah·-
2006 2154 2073 2197 οι
2133 2129 2207 2196 δὲ
2254 2134 2617 2198 Χαναναῖοι
2656 2157 2769 2198 και

541 2260 608 2303 οι
667 2237 1003 2324 Φερεζαῖοι
1061 2228 1210 2302 τότε
1265 2229 1589 2362 κατῴκουν
1645 2234 1760 2325 τὴν
1810 2240 1939 2325 γῆν.
2019 2239 2045 2278 ⁸
2058 2227 2209 2302 εἶπε
2267 2233 2342 2302 δὲ
2374 2231 2635 2324 ,Ἀβραμ
2672 2240 2769 2324 τῷ

540 2340 713 2409 Λώτ
754 2340 874 2429 Μὴ
914 2337 1088 2408 έστω
1129 2335 1302 2430 μα’χη
1345 2332 1463 2408 ἀνὰ
1504 2337 1706 2425 μέσον
1753 2339 1911 2425 ἐμοῦ
1936 2338 2048 2408 καὶ
2078 2343 2195 2408 σοῦ
2204 2391 2223 2421 ,
2264 2338 2376 2406 καὶ
2406 2335 2529 2406 ἀνὰ
2565 2339 2767 2426 μέσον

541 2617 610 2672 18
643 2619 768 2687 post
801 2634 1024 2687 εμαυτῳ
1060 2618 1126 2685 -Ι-
1163 2634 1240 2677 soc
1275 2616 1414 2671 Aam
1463 2616 1542 2686 [in
1579 2632 1685 2687 quo
1719 2618 1846 2671 ante
1882 2634 1960 2676 εις
1994 2632 2183 2671 rasura
2221 2619 2453 2687 quatuor
2487 2618 2769 2675 literarum

541 2704 726 2773 oapax]
765 2706 849 2758 rtz

677 2792 710 2847 1
745 2807 996 2843 εναντιον
1030 2788 1292 2854 AEcmtz,
1331 2806 1576 2843 ενωπιον
1610 2807 1639 2844 1·
1669 2792 1677 2856 Ι
1712 2793 1742 2846 1
1780 2791 1908 2845 ante
1944 2793 2129 2858 λαβων
2164 2793 2230 2861 -Ι-
2268 2810 2365 2845 και
2402 2808 2437 2846 a
2476 2794 2487 2859 1
2530 2792 2616 2863 1Ι2
2650 2812 2769 2865 φα·-

539 2896 654 2952 ραω
693 2876 931 2948 ανδρασι
965 2892 995 2929 r
1029 2878 1156 2945 post
1189 2883 1378 2952 αβραμ
1415 2874 1450 2929 2
1496 2876 1506 2945 Ι
1545 2877 1580 2931 2
1620 2878 1893 2952 ανδρασιν
1924 2876 2019 2931 ΑΕ
2050 2879 2059 2944 Ι
2098 2880 2133 2933 2
2169 2890 2619 2950 συνπροπεμψαι
2655 2879 2769 2945 ΑΕ,

539 2973 883 3036 προπεμψαι
918 2980 1004 3028 m,
1041 2972 1501 3036 συμπροπεμψας
1529 2979 1559 3017 1·
1589 2966 1599 3031 Ι
1629 2964 1665 3019 2
1704 2984 1853 3017 αυτω
1891 2982 1919 3017 Ζ
1950 2962 1960 3035 Ι
2002 2964 2037 3018 3
2072 2965 2197 3033 post
2230 2984 2379 3035 αυτῳ
2423 2968 2484 3031 -Ι-
2524 2985 2619 3019 και
2660 2968 2771 3020 λωι-

538 3066 643 3118 μετ
680 3068 853 3103 αυτου
883 3048 1216 3120 AEacmrtyz
1245 3052 1255 3116 Ι
1293 3050 1330 3104 4
1367 3069 1528 3110 αυτος
1560 3060 1632 3111 >
1666 3050 1714 3103 Ε
1743 3050 1753 3121 Ι
1783 3052 1821 3105 4
1858 3071 1951 3104 και
1983 3068 2167 3104 wavra
2212 3070 2281 3105 τα
2320 3072 2491 3111 αυτου
2530 3062 2599 3112 >
2634 3066 2693 3106 m
2756 3053 2764 3116 1

537 3134 628 3205 415
645 3154 738 3188 και
757 3138 863 3189 λωτ
879 3154 984 3209 μετ
1001 3148 1304 3198 αυτου>α
1335 3139 1465 3205 [non
1480 3140 1538 3207 y]
1574 3140 1582 3205 Ι
1615 3141 1648 3194 6
1666 3139 1793 3191 ante
1811 3152 2029 3204 κτηνεσι
2048 3137 2115 3205 -Ι-
2132 3155 2193 3191 εν
2210 3153 2241 3191 c
2270 3138 2279 3203 Ι
2310 3140 2346 3195 6.
2363 3130 2615 3205 κτηνεσιν
2630 3138 2725 3193 ΑΕ
2754 3140 2763 3209 Ι

541 3221 572 3275 7
609 3224 841 3288 εξηλθεν
875 3238 903 3277 ο
956 3224 965 3289 1
1022 3224 1053 3277 7
1082 3227 1258 3292 βεθηλ
1296 3241 1354 3278 rz
1411 3228 1420 3292 Ι
1475 3224 1510 3278 8
1545 3226 1673 3291 post
1706 3242 1973 3300 προτερον
2009 3224 2075 3291 -Ι-
2116 3243 2212 3277 xm
2244 3223 2289 3277 Ε
2329 3227 2339 3292 Ι
2381 3224 2416 3277 8
2448 3243 2556 3278 ανα
2586 3240 2769 3296 μεσον

539 3310 746 3376 pazova
781 3327 876 3362 και
899 3320 968 3370 >
995 3326 1024 3363 r
1053 3313 1062 3377 Ι
1093 3310 1128 3364 8
1167 3314 1343 3379 βεθηλ,
1377 3329 1404 3364 Ζ
1435 3311 1444 3383 Ι
1475 3310 1510 3365 9
1548 3330 1690 3382 αγγε
1727 3327 1757 3365 ο
1786 3312 1795 3381 Ι
1825 3310 1859 3364 9
1898 3328 1998 3369 εως
2029 3329 2129 3364 του
2162 3326 2342 3363 τοπου
2380 3327 2409 3365 1·
2439 3311 2447 3380 Ι
2481 3312 2549 3367 10
2584 3330 2768 3382 αρχην

538 3394 785 3449 Ebomrtz
801 3436 814 3459 ,
851 3410 1058 3463 σκηνην
1090 3396 1208 3466 Aay
1238 3398 1248 3467 Ι
1280 3400 1349 3454 10
1387 3402 1719 3452 επεκαλεσεν
1744 3396 1847 3462 Er,
1886 3400 2142 3452 επεκαλει
2180 3415 2209 3451 Ζ
2240 3397 2249 3467 Ι
2282 3396 2351 3455 10
2390 3414 2499 3451 εκει
2535 3398 2769 3453 alterum

538 3491 606 3543 >
643 3498 674 3537 ο
703 3483 712 3551 Ι
744 3485 811 3539 10
847 3490 1034 3558 αβραμ
1071 3495 1140 3545 >
1178 3503 1206 3537 Ζ
1273 3488 1283 3552 Ι
1347 3486 1414 3541 10
1445 3503 1520 3554 τῳ
1557 3503 1797 3557 ονοματι
1832 3499 1904 3553 ay
1954 3486 1965 3551 1
2021 3485 2091 3539 10
2124 3503 2227 3538 του
2260 3493 2330 3545 >
2365 3483 2698 3555 AEaemrtyz
2758 3485 2767 3555 Ι

538 3570 606 3625 11
645 3572 772 3638 post
805 3590 995 3645 κυρίου
1037 3574 1104 3640 -Ι-
1142 3591 1244 3625 ‘mv
1280 3578 1422 3627 θεου
1455 3573 1595 3625 mrtz
1626 3572 1637 3637 1
1669 3572 1735 3627 11
1770 3590 1845 3640 τῳ
1882 3580 1950 3632 >
1990 3588 2019 3625 Ζ
2050 3573 2059 3637 Ι
2092 3572 2157 3626 11
2195 3586 2659 3643 συνπορευομενω
2679 3572 2724 3626 Ε
2754 3571 2765 3643 Ι

539 3656 608 3713 12
642 3660 768 3725 post
800 3665 922 3726 βοες
959 3660 1022 3727 -Ι-
1063 3678 1156 3713 και
1195 3676 1360 3726 κτηνη
1397 3658 1444 3712 Ε
1489 3658 1638 3729 [uide
1672 3658 1978 3727 sequentia]
2011 3660 2021 3725 Ι
2053 3658 2121 3713 12
2160 3673 2359 3725 σκηναι
2382 3656 2563 3723 Ebmt,
2597 3678 2765 3726 κτηνη

535 3741 769 3812 Aneryz.
791 3744 946 3808 ,,και“
963 3750 1088 3812 βοες
1120 3764 1214 3796 και
1249 3743 1470 3814 σκηναι]
1506 3742 1589 3797 ita
1613 3744 1704 3797 LL
1724 3744 1857 3799 UU.
1894 3744 1954 3797 in
1988 3744 2111 3799 aliis
2147 3745 2233 3797 est
2266 3750 2397 3812 βοες
2430 3763 2527 3797 και
2560 3762 2727 3811 κτηνη
2747 3787 2763 3802 .

534 3829 682 3898 prior
714 3830 874 3885 lectio
911 3831 1179 3900 reperitur
1210 3830 1356 3900 apud
1386 3828 1735 3885 Ambrosium
1748 3870 1762 3895 ,
1811 3830 2075 3900 posterior
2121 3831 2269 3900 apud
2304 3829 2634 3885 Philonem“
2675 3830 2710 3884 b
2750 3830 2759 3902 Ι

537 3917 604 3973 13
641 3936 710 3985 ην
745 3928 815 3978 >
850 3934 880 3971 o
910 3922 919 3986 Ι
951 3918 1110 3987 13114
1151 3938 1246 3971 και
1286 3936 1390 3969 ουκ
1422 3934 1622 3991 εχωρει
1658 3936 1855 3977 αυτ-ους
1888 3936 1922 3985 η
1956 3936 2029 3986 γη
2068 3934 2355 3971 κατοικειν
2390 3937 2513 3990 αμα
2548 3927 2617 3977 >
2640 3916 2715 3971 Er
2749 3918 2759 3989 Ι

537 4004 606 4059 14
641 4022 836 4081 εχωρει
875 4023 1072 4063 aurove
1103 4024 1136 4070 η
1172 4023 1244 4074 γη
1280 4001 1411 4072 aby,
1450 4004 1721 4057 εδυναντο
1744 4004 1821 4068 A,
1859 4004 2139 4070 ηδύναντο
2182 4004 2321 4056 cmtz
2351 4004 2362 4071 Ι
2393 4003 2464 4058 14
2501 4021 2763 4074 creveno

531 4110 715 4161 μαχαι
753 4108 781 4144 Ζ
833 4094 842 4159 Ι
899 4093 966 4148 15
1002 4088 1170 4159 priori
1201 4089 1318 4144 loco
1349 4104 1538 4160 μεσων
1571 4106 1601 4143 Ζ
1646 4092 1657 4157 Ι
1707 4089 1775 4145 15
1810 4107 2137 4161 ποιμαινων
2163 4087 2238 4142 At
2268 4091 2277 4154 Ι
2309 4090 2377 4144 15
2414 4109 2513 4143 του
2548 4100 2618 4150 >
2658 4108 2687 4145 Ζ
2750 4091 2759 4161 Ι

536 4178 606 4232 15
641 4196 747 4233 ava
792 4196 970 4251 μεσον
1005 4188 1075 4238 >
1111 4196 1139 4231 Ζ
1208 4181 1218 4245 Ι
1285 4175 1442 4248 15116
1483 4192 1626 4247 quae
1675 4177 1819 4231 intel·
1868 4182 2059 4247 αβραμ
2106 4176 2171 4231 15
2208 4177 2265 4230 et
2316 4194 2421 4229 του
2456 4178 2525 4233 16
2568 4179 2765 4243 media,

533 4272 601 4324 >
629 4267 657 4318 t
698 4269 708 4332 Ι
751 4266 820 4320 16
859 4283 1182 4339 ποιμαινων
1213 4264 1263 4319 Α
1304 4268 1314 4331 Ι
1361 4266 1428 4320 16
1465 4282 1574 4319 των
1608 4280 1823 4331 κτηνων
1859 4272 1927 4324 >
1964 4278 1993 4315 c
2022 4263 2033 4328 1
2065 4264 2131 4317 16
2170 4278 2269 4315 του
2303 4272 2373 4322 >
2407 4280 2439 4318 Ζ
2470 4266 2479 4331 Ι
2519 4266 2585 4319 17
2624 4282 2763 4340 φερε

536 4351 642 4411 ζεοι
676 4366 732 4403 m
761 4354 772 4419 Ι
805 4354 870 4408 17
907 4369 1064 4405 ειπεν
1097 4349 1248 4405 AErt
1287 4349 1526 4420 [ἠΰ-ἐὴ]
1562 4352 1572 4417 Ι
1613 4350 1681 4404 18
1718 4368 1857 4422 εμου
1895 4368 1989 4401 και
2028 4362 2132 4401 σου
2166 4346 2455 4415 Aabomrt,
2492 4369 2655 4421 ημων
2677 4368 2707 4405 Ζ
2746 4350 2759 4423 Ι

535 4434 604 4492 18
637 4455 732 4490 και
765 4452 874 4491 σου
903 4447 973 4498 >
1003 4438 1056 4493 D
1089 4440 1232 4491 toste
1272 4433 1471 4491 Grabio
1502 4438 1512 4502 Ι
1543 4435 1615 4490 18
1644 4453 1751 4488 ava
1786 4448 1965 4505 μεσον
1994 4434 2331 4499 alterum>
2366 4453 2395 4489 Ζ
