<?xml version="1.0" encoding="UTF-8"?>
<!DOCTYPE html PUBLIC "-//W3C//DTD XHTML 1.0 Transitional//EN"
    "http://www.w3.org/TR/xhtml1/DTD/xhtml1-transitional.dtd">
<html xmlns="http://www.w3.org/1999/xhtml" xml:lang="en" lang="en">
 <head>
  <title>
</title>
<meta http-equiv="Content-Type" content="text/html;charset=utf-8" />
  <meta name='ocr-system' content='tesseract 3.04.00' />
  <meta name='ocr-capabilities' content='ocr_page ocr_carea ocr_par ocr_line ocrx_word'/>
</head>
<body>
  <div class='ocr_page' id='page_1' title='image "./genesisgraeceef00unkngoog_0326.png"; bbox 0 0 3169 4941; ppageno 0'>
   <div class='ocr_carea' id='block_1_1' title="bbox 2522 481 2595 538">
    <p class='ocr_par' dir='ltr' id='par_1_1' title="bbox 2522 481 2595 538">
     <span class='ocr_line' id='line_1_1' title="bbox 2522 481 2595 538; baseline 0 0"><span class='ocrx_word' id='word_1_1' title='bbox 2522 481 2595 538; x_wconf 76' lang='lat'>53</span> 
     </span>
    </p>
   </div>
   <div class='ocr_carea' id='block_1_2' title="bbox 273 639 2595 1974">
    <p class='ocr_par' dir='ltr' id='par_1_2' title="bbox 307 639 2595 1042">
     <span class='ocr_line' id='line_1_2' title="bbox 307 639 2594 732; baseline 0.002 -23"><span class='ocrx_word' id='word_1_2' title='bbox 307 648 338 701; x_wconf 91' lang='lat'>1</span> <span class='ocrx_word' id='word_1_3' title='bbox 373 644 610 728; x_wconf 89' lang='lat' dir='ltr'>Aquila</span> <span class='ocrx_word' id='word_1_4' title='bbox 645 645 857 728; x_wconf 85' lang='lat' dir='ltr'>posuit</span> <span class='ocrx_word' id='word_1_5' title='bbox 899 639 1262 732; x_wconf 78' lang='grc' dir='ltr'><strong><em>ἡμίσευσεν,</em></strong></span> <span class='ocrx_word' id='word_1_6' title='bbox 1311 647 1377 711; x_wconf 88' lang='lat' dir='ltr'>id</span> <span class='ocrx_word' id='word_1_7' title='bbox 1417 650 1516 712; x_wconf 89' lang='lat' dir='ltr'>est</span> <span class='ocrx_word' id='word_1_8' title='bbox 1557 649 1923 726; x_wconf 60' lang='lat' dir='ltr'>dimidiauzt,</span> <span class='ocrx_word' id='word_1_9' title='bbox 1972 648 2045 714; x_wconf 79' lang='lat' dir='ltr'>ut</span> <span class='ocrx_word' id='word_1_10' title='bbox 2084 667 2282 714; x_wconf 87' lang='lat' dir='ltr'>unum</span> <span class='ocrx_word' id='word_1_11' title='bbox 2324 668 2594 715; x_wconf 88' lang='lat' dir='ltr'>cuneum</span> 
     </span>
     <span class='ocr_line' id='line_1_3' title="bbox 373 747 2595 834; baseline 0.003 -22"><span class='ocrx_word' id='word_1_12' title='bbox 373 747 610 813; x_wconf 87' lang='lat' dir='ltr'>faceret</span> <span class='ocrx_word' id='word_1_13' title='bbox 687 749 1063 814; x_wconf 84' lang='lat' dir='ltr'>ancillarum</span> <span class='ocrx_word' id='word_1_14' title='bbox 1140 769 1283 815; x_wconf 91' lang='lat' dir='ltr'>cum</span> <span class='ocrx_word' id='word_1_15' title='bbox 1355 749 1635 834; x_wconf 87' lang='lat' dir='ltr'>paruulis</span> <span class='ocrx_word' id='word_1_16' title='bbox 1695 751 1825 816; x_wconf 90' lang='lat' dir='ltr'>suis</span> <span class='ocrx_word' id='word_1_17' title='bbox 1915 752 1981 816; x_wconf 91' lang='lat' dir='ltr'>et</span> <span class='ocrx_word' id='word_1_18' title='bbox 2050 751 2247 817; x_wconf 90' lang='lat' dir='ltr'>alium</span> <span class='ocrx_word' id='word_1_19' title='bbox 2315 753 2467 818; x_wconf 85' lang='lat' dir='ltr'>Liae</span> <span class='ocrx_word' id='word_1_20' title='bbox 2528 753 2595 818; x_wconf 89' lang='lat' dir='ltr'>et</span> 
     </span>
     <span class='ocr_line' id='line_1_4' title="bbox 373 850 2590 938; baseline 0.001 -22"><span class='ocrx_word' id='word_1_21' title='bbox 373 850 648 930; x_wconf 88' lang='lat' dir='ltr'>Rachel,</span> <span class='ocrx_word' id='word_1_22' title='bbox 705 872 866 936; x_wconf 85' lang='lat' dir='ltr'>quae</span> <span class='ocrx_word' id='word_1_23' title='bbox 909 853 1142 918; x_wconf 81' lang='lat' dir='ltr'>liberae</span> <span class='ocrx_word' id='word_1_24' title='bbox 1189 856 1371 919; x_wconf 84' lang='lat' dir='ltr'>erant</span> <span class='ocrx_word' id='word_1_25' title='bbox 1409 873 1554 919; x_wconf 89' lang='lat' dir='ltr'>cum</span> <span class='ocrx_word' id='word_1_26' title='bbox 1596 853 1745 920; x_wconf 88' lang='lat' dir='ltr'>filiis</span> <span class='ocrx_word' id='word_1_27' title='bbox 1790 873 2038 932; x_wconf 87' lang='lat' dir='ltr'>earum,</span> <span class='ocrx_word' id='word_1_28' title='bbox 2098 855 2456 938; x_wconf 84' lang='lat' dir='ltr'>primasque</span> <span class='ocrx_word' id='word_1_29' title='bbox 2495 857 2590 919; x_wconf 88' lang='lat' dir='ltr'>ire</span> 
     </span>
     <span class='ocr_line' id='line_1_5' title="bbox 373 953 2591 1042; baseline 0.002 -24"><span class='ocrx_word' id='word_1_30' title='bbox 373 953 611 1021; x_wconf 85' lang='lat' dir='ltr'>faceret</span> <span class='ocrx_word' id='word_1_31' title='bbox 655 956 916 1022; x_wconf 80' lang='lat' dir='ltr'>ancillas</span> <span class='ocrx_word' id='word_1_32' title='bbox 933 1005 949 1034; x_wconf 90' lang='lat'><strong>‚</strong></span> <span class='ocrx_word' id='word_1_33' title='bbox 1008 957 1312 1022; x_wconf 86' lang='lat' dir='ltr'>secundas</span> <span class='ocrx_word' id='word_1_34' title='bbox 1358 957 1589 1023; x_wconf 88' lang='lat' dir='ltr'>liberas</span> <span class='ocrx_word' id='word_1_35' title='bbox 1606 1006 1621 1035; x_wconf 88' lang='lat'>‚</span> <span class='ocrx_word' id='word_1_36' title='bbox 1680 957 1813 1042; x_wconf 90' lang='lat' dir='ltr'>ipse</span> <span class='ocrx_word' id='word_1_37' title='bbox 1876 960 2092 1024; x_wconf 85' lang='lat' dir='ltr'>autem</span> <span class='ocrx_word' id='word_1_38' title='bbox 2149 960 2295 1024; x_wconf 85' lang='lat' dir='ltr'>ante</span> <span class='ocrx_word' id='word_1_39' title='bbox 2343 961 2591 1024; x_wconf 86' lang='lat' dir='ltr'>utrum-</span> 
     </span>
    </p>

    <p class='ocr_par' dir='ltr' id='par_1_3' title="bbox 305 1059 1937 1144">
     <span class='ocr_line' id='line_1_6' title="bbox 305 1059 1937 1144; baseline 0.003 -20"><span class='ocrx_word' id='word_1_40' title='bbox 305 1061 339 1124; x_wconf 78' lang='lat'><strong>5</strong></span> <span class='ocrx_word' id='word_1_41' title='bbox 374 1077 494 1141; x_wconf 90' lang='lat' dir='ltr'>que</span> <span class='ocrx_word' id='word_1_42' title='bbox 540 1078 801 1144; x_wconf 86' lang='lat' dir='ltr'>gregem</span> <span class='ocrx_word' id='word_1_43' title='bbox 838 1060 1101 1126; x_wconf 83' lang='lat' dir='ltr'>fratrem</span> <span class='ocrx_word' id='word_1_44' title='bbox 1144 1059 1516 1127; x_wconf 75' lang='lat' dir='ltr'>adoratui-us</span> <span class='ocrx_word' id='word_1_45' title='bbox 1563 1064 1937 1129; x_wconf 85' lang='lat' dir='ltr'>occurreret.</span> 
     </span>
    </p>

    <p class='ocr_par' dir='ltr' id='par_1_4' title="bbox 372 1164 2594 1556">
     <span class='ocr_line' id='line_1_7' title="bbox 547 1164 2594 1249; baseline 0.001 -23"><span class='ocrx_word' id='word_1_46' title='bbox 547 1167 628 1226; x_wconf 80' lang='lat' dir='ltr'>Et</span> <span class='ocrx_word' id='word_1_47' title='bbox 671 1164 1012 1244; x_wconf 70' lang='lat' dir='ltr'>aedfficauit</span> <span class='ocrx_word' id='word_1_48' title='bbox 1053 1167 1144 1228; x_wconf 82' lang='lat' dir='ltr'>ibi</span> <span class='ocrx_word' id='word_1_49' title='bbox 1185 1167 1358 1229; x_wconf 83' lang='lat' dir='ltr'>Iacob</span> <span class='ocrx_word' id='word_1_50' title='bbox 1402 1166 1667 1243; x_wconf 80' lang='lat' dir='ltr'>domum,</span> <span class='ocrx_word' id='word_1_51' title='bbox 1732 1171 1788 1229; x_wconf 82' lang='lat' dir='ltr'>et</span> <span class='ocrx_word' id='word_1_52' title='bbox 1834 1169 2159 1249; x_wconf 71' lang='lat' dir='ltr'><strong><em>pecoribus</em></strong></span> <span class='ocrx_word' id='word_1_53' title='bbox 2210 1172 2341 1230; x_wconf 72' lang='lat' dir='ltr'>suis</span> <span class='ocrx_word' id='word_1_54' title='bbox 2392 1167 2594 1248; x_wconf 63' lang='lat' dir='ltr'>aedefi-</span> 
     </span>
     <span class='ocr_line' id='line_1_8' title="bbox 372 1268 2590 1335; baseline 0.001 -3"><span class='ocrx_word' id='word_1_55' title='bbox 372 1271 534 1332; x_wconf 80' lang='lat' dir='ltr'>cauit</span> <span class='ocrx_word' id='word_1_56' title='bbox 577 1269 974 1330; x_wconf 79' lang='lat' dir='ltr'>tabernacula.</span> <span class='ocrx_word' id='word_1_57' title='bbox 1059 1268 1190 1332; x_wconf 78' lang='lat' dir='ltr'>ideo</span> <span class='ocrx_word' id='word_1_58' title='bbox 1249 1274 1489 1332; x_wconf 80' lang='lat' dir='ltr'>uocauit</span> <span class='ocrx_word' id='word_1_59' title='bbox 1533 1291 1741 1333; x_wconf 77' lang='lat' dir='ltr'>nomen</span> <span class='ocrx_word' id='word_1_60' title='bbox 1785 1271 1906 1333; x_wconf 80' lang='lat' dir='ltr'>loci</span> <span class='ocrx_word' id='word_1_61' title='bbox 1958 1271 2133 1334; x_wconf 73' lang='lat' dir='ltr'>illius</span> <span class='ocrx_word' id='word_1_62' title='bbox 2189 1272 2590 1335; x_wconf 78' lang='lat' dir='ltr'>tabernacula.</span> 
     </span>
     <span class='ocr_line' id='line_1_9' title="bbox 373 1369 2588 1456; baseline 0 -20"><span class='ocrx_word' id='word_1_63' title='bbox 373 1370 482 1436; x_wconf 90' lang='lat' dir='ltr'>ubi</span> <span class='ocrx_word' id='word_1_64' title='bbox 537 1389 650 1435; x_wconf 91' lang='lat' dir='ltr'>nos</span> <span class='ocrx_word' id='word_1_65' title='bbox 705 1369 1118 1436; x_wconf 80' lang='lat' dir='ltr'>tabernacula</span> <span class='ocrx_word' id='word_1_66' title='bbox 1179 1371 1482 1436; x_wconf 89' lang='lat' dir='ltr'>habemus</span> <span class='ocrx_word' id='word_1_67' title='bbox 1497 1419 1515 1450; x_wconf 88' lang='lat'>‚</span> <span class='ocrx_word' id='word_1_68' title='bbox 1597 1371 1665 1437; x_wconf 92' lang='lat' dir='ltr'>in</span> <span class='ocrx_word' id='word_1_69' title='bbox 1738 1371 2007 1438; x_wconf 87' lang='lat' dir='ltr'>hebraeo</span> <span class='ocrx_word' id='word_1_70' title='bbox 2067 1371 2306 1456; x_wconf 85' lang='lat' dir='ltr'>legitur</span> <span class='ocrx_word' id='word_1_71' title='bbox 2374 1375 2588 1437; x_wconf 71' lang='lat' dir='ltr'>socoth.</span> 
     </span>
     <span class='ocr_line' id='line_1_10' title="bbox 375 1473 2589 1556; baseline 0 -16"><span class='ocrx_word' id='word_1_72' title='bbox 375 1476 472 1540; x_wconf 82' lang='lat' dir='ltr'>est</span> <span class='ocrx_word' id='word_1_73' title='bbox 531 1476 743 1540; x_wconf 89' lang='lat' dir='ltr'>autem</span> <span class='ocrx_word' id='word_1_74' title='bbox 804 1492 1001 1556; x_wconf 90' lang='lat' dir='ltr'>usque</span> <span class='ocrx_word' id='word_1_75' title='bbox 1061 1473 1248 1539; x_wconf 88' lang='lat' dir='ltr'>hodie</span> <span class='ocrx_word' id='word_1_76' title='bbox 1303 1476 1528 1540; x_wconf 85' lang='lat' dir='ltr'>ciuitas</span> <span class='ocrx_word' id='word_1_77' title='bbox 1600 1478 1779 1541; x_wconf 85' lang='lat' dir='ltr'>trans</span> <span class='ocrx_word' id='word_1_78' title='bbox 1836 1475 2148 1541; x_wconf 82' lang='lat' dir='ltr'>Iordanen</span> <span class='ocrx_word' id='word_1_79' title='bbox 2219 1477 2339 1542; x_wconf 91' lang='lat' dir='ltr'>hoc</span> <span class='ocrx_word' id='word_1_80' title='bbox 2398 1494 2589 1541; x_wconf 85' lang='lat' dir='ltr'>uoca—</span> 
     </span>
    </p>

    <p class='ocr_par' dir='ltr' id='par_1_5' title="bbox 273 1577 2591 1764">
     <span class='ocr_line' id='line_1_11' title="bbox 273 1577 2591 1663; baseline 0.003 -26"><span class='ocrx_word' id='word_1_81' title='bbox 273 1583 339 1637; x_wconf 88' lang='lat'>10</span> <span class='ocrx_word' id='word_1_82' title='bbox 372 1578 518 1644; x_wconf 89' lang='lat' dir='ltr'>bulo</span> <span class='ocrx_word' id='word_1_83' title='bbox 573 1577 740 1643; x_wconf 85' lang='lat' dir='ltr'>inter</span> <span class='ocrx_word' id='word_1_84' title='bbox 799 1580 1012 1661; x_wconf 86' lang='lat' dir='ltr'>partes</span> <span class='ocrx_word' id='word_1_85' title='bbox 1073 1577 1552 1662; x_wconf 71' lang='lat' dir='ltr'>scythopoleos,</span> <span class='ocrx_word' id='word_1_86' title='bbox 1632 1579 1708 1644; x_wconf 88' lang='lat' dir='ltr'>de</span> <span class='ocrx_word' id='word_1_87' title='bbox 1762 1597 1886 1663; x_wconf 86' lang='lat' dir='ltr'>qua</span> <span class='ocrx_word' id='word_1_88' title='bbox 1944 1580 2009 1644; x_wconf 93' lang='lat' dir='ltr'>in</span> <span class='ocrx_word' id='word_1_89' title='bbox 2079 1579 2240 1645; x_wconf 88' lang='lat' dir='ltr'>libro</span> <span class='ocrx_word' id='word_1_90' title='bbox 2308 1578 2591 1645; x_wconf 88' lang='lat' dir='ltr'>locorum</span> 
     </span>
     <span class='ocr_line' id='line_1_12' title="bbox 372 1682 753 1764; baseline 0 -17"><span class='ocrx_word' id='word_1_91' title='bbox 372 1682 753 1764; x_wconf 80' lang='lat' dir='ltr'>scripsimus,</span> 
     </span>
    </p>

    <p class='ocr_par' dir='ltr' id='par_1_6' title="bbox 369 1785 2591 1974">
     <span class='ocr_line' id='line_1_13' title="bbox 545 1785 2589 1869; baseline 0 -17"><span class='ocrx_word' id='word_1_92' title='bbox 545 1789 630 1852; x_wconf 77' lang='lat' dir='ltr'>Et</span> <span class='ocrx_word' id='word_1_93' title='bbox 691 1790 856 1850; x_wconf 81' lang='lat' dir='ltr'>uenit</span> <span class='ocrx_word' id='word_1_94' title='bbox 923 1786 1098 1850; x_wconf 84' lang='lat' dir='ltr'>Iacob</span> <span class='ocrx_word' id='word_1_95' title='bbox 1154 1785 1357 1850; x_wconf 81' lang='lat' dir='ltr'>Salem</span> <span class='ocrx_word' id='word_1_96' title='bbox 1417 1789 1725 1850; x_wconf 80' lang='lat' dir='ltr'>ciuitatem</span> <span class='ocrx_word' id='word_1_97' title='bbox 1776 1787 2028 1869; x_wconf 74' lang='lat' dir='ltr'>Sychem</span> <span class='ocrx_word' id='word_1_98' title='bbox 2087 1791 2153 1850; x_wconf 81' lang='lat' dir='ltr'>in</span> <span class='ocrx_word' id='word_1_99' title='bbox 2220 1793 2385 1851; x_wconf 79' lang='lat' dir='ltr'>terra</span> <span class='ocrx_word' id='word_1_100' title='bbox 2438 1789 2589 1852; x_wconf 75' lang='lat' dir='ltr'>Cha·</span> 
     </span>
     <span class='ocr_line' id='line_1_14' title="bbox 369 1890 2591 1974; baseline 0 -19"><span class='ocrx_word' id='word_1_101' title='bbox 369 1912 525 1955; x_wconf 78' lang='lat' dir='ltr'>mum</span> <span class='ocrx_word' id='word_1_102' title='bbox 540 1941 555 1970; x_wconf 88' lang='lat'>,</span> <span class='ocrx_word' id='word_1_103' title='bbox 619 1911 755 1954; x_wconf 82' lang='lat' dir='ltr'>cum</span> <span class='ocrx_word' id='word_1_104' title='bbox 811 1895 1068 1954; x_wconf 73' lang='lat' dir='ltr'>uenisset</span> <span class='ocrx_word' id='word_1_105' title='bbox 1122 1891 1194 1954; x_wconf 82' lang='lat' dir='ltr'>de</span> <span class='ocrx_word' id='word_1_106' title='bbox 1250 1892 1686 1974; x_wconf 75' lang='lat' dir='ltr'>Mesopotamia</span> <span class='ocrx_word' id='word_1_107' title='bbox 1728 1890 1961 1973; x_wconf 74' lang='lat' dir='ltr'>Syriae.</span> <span class='ocrx_word' id='word_1_108' title='bbox 2070 1908 2245 1955; x_wconf 84' lang='lat' dir='ltr'>error</span> <span class='ocrx_word' id='word_1_109' title='bbox 2291 1891 2591 1967; x_wconf 76' lang='lat' dir='ltr'>oboritur,</span> 
     </span>
    </p>
   </div>
   <div class='ocr_carea' id='block_1_3' title="bbox 370 1991 2719 2079">
    <p class='ocr_par' dir='ltr' id='par_1_7' title="bbox 370 1991 2719 2079">
     <span class='ocr_line' id='line_1_15' title="bbox 370 1991 2719 2079; baseline -0.001 -19"><span class='ocrx_word' id='word_1_110' title='bbox 370 2013 492 2077; x_wconf 89' lang='lat' dir='ltr'>quo</span> <span class='ocrx_word' id='word_1_111' title='bbox 531 1992 718 2059; x_wconf 89' lang='lat' dir='ltr'>modo</span> <span class='ocrx_word' id='word_1_112' title='bbox 751 1992 962 2059; x_wconf 86' lang='lat' dir='ltr'>Salem</span> <span class='ocrx_word' id='word_1_113' title='bbox 1003 1991 1272 2075; x_wconf 82' lang='lat' dir='ltr'>Sychem</span> <span class='ocrx_word' id='word_1_114' title='bbox 1315 1992 1540 2058; x_wconf 83' lang='lat' dir='ltr'>ciuitas</span> <span class='ocrx_word' id='word_1_115' title='bbox 1579 1993 1949 2079; x_wconf 86' lang='lat' dir='ltr'>appelletur,</span> <span class='ocrx_word' id='word_1_116' title='bbox 1994 2012 2139 2058; x_wconf 86' lang='lat' dir='ltr'>cum</span> <span class='ocrx_word' id='word_1_117' title='bbox 2168 1993 2587 2070; x_wconf 78' lang='lat' dir='ltr'>Hierusalem,</span> <span class='ocrx_word' id='word_1_118' title='bbox 2703 2059 2719 2068; x_wconf 71' lang='grc'><strong>,</strong></span> 
     </span>
    </p>
   </div>
   <div class='ocr_carea' id='block_1_4' title="bbox 265 2095 2599 3734">
    <p class='ocr_par' dir='ltr' id='par_1_8' title="bbox 270 2095 2593 2595">
     <span class='ocr_line' id='line_1_16' title="bbox 270 2095 2591 2182; baseline 0.002 -25"><span class='ocrx_word' id='word_1_119' title='bbox 270 2103 337 2158; x_wconf 82' lang='grc'>15</span> <span class='ocrx_word' id='word_1_120' title='bbox 369 2099 436 2162; x_wconf 89' lang='lat' dir='ltr'>in</span> <span class='ocrx_word' id='word_1_121' title='bbox 494 2116 618 2181; x_wconf 90' lang='lat' dir='ltr'>qua</span> <span class='ocrx_word' id='word_1_122' title='bbox 685 2097 979 2182; x_wconf 83' lang='lat' dir='ltr'>regnauit</span> <span class='ocrx_word' id='word_1_123' title='bbox 1031 2095 1452 2162; x_wconf 79' lang='lat' dir='ltr'>Melchisedec</span> <span class='ocrx_word' id='word_1_124' title='bbox 1470 2144 1488 2175; x_wconf 88' lang='lat'>‚</span> <span class='ocrx_word' id='word_1_125' title='bbox 1559 2095 1773 2161; x_wconf 87' lang='lat' dir='ltr'>Salem</span> <span class='ocrx_word' id='word_1_126' title='bbox 1833 2097 1983 2162; x_wconf 87' lang='lat' dir='ltr'>ante</span> <span class='ocrx_word' id='word_1_127' title='bbox 2036 2097 2123 2161; x_wconf 91' lang='lat' dir='ltr'>sit</span> <span class='ocrx_word' id='word_1_128' title='bbox 2179 2096 2366 2164; x_wconf 90' lang='lat' dir='ltr'>dicta.</span> <span class='ocrx_word' id='word_1_129' title='bbox 2480 2097 2591 2162; x_wconf 83' lang='lat' dir='ltr'>aut</span> 
     </span>
     <span class='ocr_line' id='line_1_17' title="bbox 370 2197 2589 2284; baseline -0 -20"><span class='ocrx_word' id='word_1_130' title='bbox 370 2200 568 2284; x_wconf 85' lang='lat' dir='ltr'>igitur</span> <span class='ocrx_word' id='word_1_131' title='bbox 609 2201 795 2265; x_wconf 90' lang='lat' dir='ltr'>unius</span> <span class='ocrx_word' id='word_1_132' title='bbox 833 2203 1100 2282; x_wconf 84' lang='lat' dir='ltr'>utraque</span> <span class='ocrx_word' id='word_1_133' title='bbox 1145 2200 1296 2264; x_wconf 81' lang='lat' dir='ltr'>urbs</span> <span class='ocrx_word' id='word_1_134' title='bbox 1335 2199 1606 2265; x_wconf 89' lang='lat' dir='ltr'>nominis</span> <span class='ocrx_word' id='word_1_135' title='bbox 1653 2202 1749 2265; x_wconf 85' lang='lat' dir='ltr'>est</span> <span class='ocrx_word' id='word_1_136' title='bbox 1794 2197 1989 2284; x_wconf 90' lang='lat' dir='ltr'>(quod</span> <span class='ocrx_word' id='word_1_137' title='bbox 2032 2199 2226 2266; x_wconf 85' lang='lat' dir='ltr'>etiam</span> <span class='ocrx_word' id='word_1_138' title='bbox 2270 2200 2345 2264; x_wconf 93' lang='lat' dir='ltr'>de</span> <span class='ocrx_word' id='word_1_139' title='bbox 2388 2197 2589 2284; x_wconf 88' lang='lat' dir='ltr'>pluri-</span> 
     </span>
     <span class='ocr_line' id='line_1_18' title="bbox 370 2301 2589 2387; baseline -0.001 -19"><span class='ocrx_word' id='word_1_140' title='bbox 370 2303 489 2368; x_wconf 91' lang='lat' dir='ltr'>bus</span> <span class='ocrx_word' id='word_1_141' title='bbox 536 2303 804 2368; x_wconf 83' lang='lat' dir='ltr'>Iudaeae</span> <span class='ocrx_word' id='word_1_142' title='bbox 843 2303 1002 2369; x_wconf 89' lang='lat' dir='ltr'>locis</span> <span class='ocrx_word' id='word_1_143' title='bbox 1045 2321 1375 2387; x_wconf 85' lang='lat' dir='ltr'>possumus</span> <span class='ocrx_word' id='word_1_144' title='bbox 1416 2302 1699 2368; x_wconf 89' lang='lat' dir='ltr'>inuenire</span> <span class='ocrx_word' id='word_1_145' title='bbox 1716 2351 1731 2381; x_wconf 93' lang='lat'>‚</span> <span class='ocrx_word' id='word_1_146' title='bbox 1785 2307 1860 2370; x_wconf 87' lang='lat' dir='ltr'>ut</span> <span class='ocrx_word' id='word_1_147' title='bbox 1916 2303 2084 2368; x_wconf 92' lang='lat' dir='ltr'>idem</span> <span class='ocrx_word' id='word_1_148' title='bbox 2124 2304 2299 2369; x_wconf 84' lang='lat' dir='ltr'>urbis</span> <span class='ocrx_word' id='word_1_149' title='bbox 2346 2305 2411 2367; x_wconf 85' lang='lat' dir='ltr'>et</span> <span class='ocrx_word' id='word_1_150' title='bbox 2466 2301 2589 2367; x_wconf 91' lang='lat' dir='ltr'>loci</span> 
     </span>
     <span class='ocr_line' id='line_1_19' title="bbox 371 2405 2587 2490; baseline -0.002 -17"><span class='ocrx_word' id='word_1_151' title='bbox 371 2425 600 2473; x_wconf 89' lang='lat' dir='ltr'>nomen</span> <span class='ocrx_word' id='word_1_152' title='bbox 653 2408 721 2473; x_wconf 89' lang='lat' dir='ltr'>in</span> <span class='ocrx_word' id='word_1_153' title='bbox 767 2407 892 2472; x_wconf 88' lang='lat' dir='ltr'>alia</span> <span class='ocrx_word' id='word_1_154' title='bbox 936 2408 1126 2490; x_wconf 84' lang='lat' dir='ltr'>atque</span> <span class='ocrx_word' id='word_1_155' title='bbox 1168 2407 1295 2474; x_wconf 86' lang='lat' dir='ltr'>alia</span> <span class='ocrx_word' id='word_1_156' title='bbox 1337 2406 1507 2473; x_wconf 88' lang='lat' dir='ltr'>tribu</span> <span class='ocrx_word' id='word_1_157' title='bbox 1552 2406 1673 2490; x_wconf 84' lang='lat' dir='ltr'>sit)</span> <span class='ocrx_word' id='word_1_158' title='bbox 1732 2407 1844 2473; x_wconf 87' lang='lat' dir='ltr'>aut</span> <span class='ocrx_word' id='word_1_159' title='bbox 1902 2407 2071 2472; x_wconf 86' lang='lat' dir='ltr'>certe</span> <span class='ocrx_word' id='word_1_160' title='bbox 2123 2407 2315 2472; x_wconf 85' lang='lat' dir='ltr'>istam</span> <span class='ocrx_word' id='word_1_161' title='bbox 2358 2405 2587 2483; x_wconf 84' lang='lat' dir='ltr'>Salem,</span> 
     </span>
     <span class='ocr_line' id='line_1_20' title="bbox 371 2509 2593 2595; baseline -0.001 -17"><span class='ocrx_word' id='word_1_162' title='bbox 371 2532 532 2595; x_wconf 84' lang='lat' dir='ltr'>quae</span> <span class='ocrx_word' id='word_1_163' title='bbox 581 2531 746 2577; x_wconf 87' lang='lat' dir='ltr'>nunc</span> <span class='ocrx_word' id='word_1_164' title='bbox 799 2530 913 2595; x_wconf 88' lang='lat' dir='ltr'>pro</span> <span class='ocrx_word' id='word_1_165' title='bbox 958 2511 1226 2595; x_wconf 85' lang='lat' dir='ltr'>Sychem</span> <span class='ocrx_word' id='word_1_166' title='bbox 1279 2511 1639 2577; x_wconf 83' lang='lat' dir='ltr'>nominatur</span> <span class='ocrx_word' id='word_1_167' title='bbox 1656 2560 1671 2589; x_wconf 88' lang='lat'>‚</span> <span class='ocrx_word' id='word_1_168' title='bbox 1722 2510 1987 2577; x_wconf 87' lang='lat' dir='ltr'>dicimus</span> <span class='ocrx_word' id='word_1_169' title='bbox 2042 2511 2146 2577; x_wconf 91' lang='lat' dir='ltr'>hic</span> <span class='ocrx_word' id='word_1_170' title='bbox 2188 2509 2593 2595; x_wconf 83' lang='lat' dir='ltr'>interpretari</span> 
     </span>
    </p>

    <p class='ocr_par' dir='ltr' id='par_1_9' title="bbox 267 2613 2592 3113">
     <span class='ocr_line' id='line_1_21' title="bbox 267 2613 2591 2699; baseline -0.001 -20"><span class='ocrx_word' id='word_1_171' title='bbox 267 2626 338 2679; x_wconf 85' lang='lat'>20</span> <span class='ocrx_word' id='word_1_172' title='bbox 375 2618 874 2681; x_wconf 73' lang='lat' dir='ltr'>consummatam</span> <span class='ocrx_word' id='word_1_173' title='bbox 919 2617 1108 2697; x_wconf 88' lang='lat' dir='ltr'>atque</span> <span class='ocrx_word' id='word_1_174' title='bbox 1160 2616 1508 2699; x_wconf 86' lang='lat' dir='ltr'>perfectam</span> <span class='ocrx_word' id='word_1_175' title='bbox 1561 2617 1628 2679; x_wconf 81' lang='lat' dir='ltr'>et</span> <span class='ocrx_word' id='word_1_176' title='bbox 1680 2614 1889 2694; x_wconf 88' lang='lat' dir='ltr'>illam,</span> <span class='ocrx_word' id='word_1_177' title='bbox 1952 2634 2111 2697; x_wconf 86' lang='lat' dir='ltr'>quae</span> <span class='ocrx_word' id='word_1_178' title='bbox 2168 2615 2390 2698; x_wconf 85' lang='lat' dir='ltr'>postea</span> <span class='ocrx_word' id='word_1_179' title='bbox 2430 2613 2591 2679; x_wconf 88' lang='lat' dir='ltr'>Hie-</span> 
     </span>
     <span class='ocr_line' id='line_1_22' title="bbox 373 2716 2589 2804; baseline -0.002 -20"><span class='ocrx_word' id='word_1_180' title='bbox 373 2719 648 2785; x_wconf 83' lang='lat' dir='ltr'>rusalem</span> <span class='ocrx_word' id='word_1_181' title='bbox 724 2716 892 2785; x_wconf 86' lang='lat' dir='ltr'>dicta</span> <span class='ocrx_word' id='word_1_182' title='bbox 967 2720 1095 2797; x_wconf 85' lang='lat' dir='ltr'>est,</span> <span class='ocrx_word' id='word_1_183' title='bbox 1196 2718 1526 2804; x_wconf 89' lang='lat' dir='ltr'>pacificam</span> <span class='ocrx_word' id='word_1_184' title='bbox 1600 2720 1814 2784; x_wconf 87' lang='lat' dir='ltr'>nostro</span> <span class='ocrx_word' id='word_1_185' title='bbox 1890 2737 2175 2783; x_wconf 84' lang='lat' dir='ltr'>sermone</span> <span class='ocrx_word' id='word_1_186' title='bbox 2247 2717 2589 2783; x_wconf 72' lang='lat' dir='ltr'>transferri.</span> 
     </span>
     <span class='ocr_line' id='line_1_23' title="bbox 370 2821 2592 2908; baseline -0.001 -19"><span class='ocrx_word' id='word_1_187' title='bbox 370 2826 706 2908; x_wconf 88' lang='lat' dir='ltr'>utrumque</span> <span class='ocrx_word' id='word_1_188' title='bbox 751 2824 920 2888; x_wconf 86' lang='lat' dir='ltr'>enim</span> <span class='ocrx_word' id='word_1_189' title='bbox 969 2825 1236 2889; x_wconf 88' lang='lat' dir='ltr'>accentu</span> <span class='ocrx_word' id='word_1_190' title='bbox 1277 2821 1607 2905; x_wconf 85' lang='lat' dir='ltr'>paululum</span> <span class='ocrx_word' id='word_1_191' title='bbox 1664 2821 1973 2887; x_wconf 82' lang='lat' dir='ltr'>declinato</span> <span class='ocrx_word' id='word_1_192' title='bbox 2036 2823 2159 2886; x_wconf 91' lang='lat' dir='ltr'>hoc</span> <span class='ocrx_word' id='word_1_193' title='bbox 2213 2822 2592 2887; x_wconf 85' lang='lat' dir='ltr'>uocabulum</span> 
     </span>
     <span class='ocr_line' id='line_1_24' title="bbox 373 2924 2591 3009; baseline -0.002 -16"><span class='ocrx_word' id='word_1_194' title='bbox 373 2930 573 2993; x_wconf 88' lang='lat' dir='ltr'>sonat.</span> <span class='ocrx_word' id='word_1_195' title='bbox 675 2926 935 2993; x_wconf 83' lang='lat' dir='ltr'>tradunt</span> <span class='ocrx_word' id='word_1_196' title='bbox 976 2927 1255 2993; x_wconf 88' lang='lat' dir='ltr'>Hebraei</span> <span class='ocrx_word' id='word_1_197' title='bbox 1309 2927 1473 3009; x_wconf 90' lang='lat' dir='ltr'>quod</span> <span class='ocrx_word' id='word_1_198' title='bbox 1535 2925 1949 2992; x_wconf 87' lang='lat' dir='ltr'>claudicantis</span> <span class='ocrx_word' id='word_1_199' title='bbox 2004 2926 2207 2991; x_wconf 87' lang='lat' dir='ltr'>femur</span> <span class='ocrx_word' id='word_1_200' title='bbox 2257 2924 2447 2991; x_wconf 86' lang='lat' dir='ltr'>Iacob</span> <span class='ocrx_word' id='word_1_201' title='bbox 2502 2924 2591 2989; x_wconf 90' lang='lat' dir='ltr'>ibi</span> 
     </span>
     <span class='ocr_line' id='line_1_25' title="bbox 373 3028 2592 3113; baseline -0.001 -18"><span class='ocrx_word' id='word_1_202' title='bbox 373 3030 762 3098; x_wconf 87' lang='lat' dir='ltr'>conualuerit</span> <span class='ocrx_word' id='word_1_203' title='bbox 836 3032 901 3096; x_wconf 83' lang='lat' dir='ltr'>et</span> <span class='ocrx_word' id='word_1_204' title='bbox 975 3034 1268 3097; x_wconf 84' lang='lat' dir='ltr'>sanatum</span> <span class='ocrx_word' id='word_1_205' title='bbox 1335 3031 1450 3108; x_wconf 85' lang='lat' dir='ltr'>sit,</span> <span class='ocrx_word' id='word_1_206' title='bbox 1543 3032 1875 3113; x_wconf 87' lang='lat' dir='ltr'>propterea</span> <span class='ocrx_word' id='word_1_207' title='bbox 1938 3030 2200 3094; x_wconf 88' lang='lat' dir='ltr'>eandem</span> <span class='ocrx_word' id='word_1_208' title='bbox 2268 3028 2592 3093; x_wconf 84' lang='lat' dir='ltr'>ciuitatem</span> 
     </span>
    </p>

    <p class='ocr_par' dir='ltr' id='par_1_10' title="bbox 265 3133 1978 3218">
     <span class='ocr_line' id='line_1_26' title="bbox 265 3133 1978 3218; baseline -0.001 -17"><span class='ocrx_word' id='word_1_209' title='bbox 265 3146 337 3201; x_wconf 80' lang='lat'>25</span> <span class='ocrx_word' id='word_1_210' title='bbox 374 3136 575 3202; x_wconf 85' lang='lat' dir='ltr'>curati</span> <span class='ocrx_word' id='word_1_211' title='bbox 611 3138 796 3218; x_wconf 80' lang='lat' dir='ltr'>atque</span> <span class='ocrx_word' id='word_1_212' title='bbox 839 3135 1100 3218; x_wconf 87' lang='lat' dir='ltr'>perfecti</span> <span class='ocrx_word' id='word_1_213' title='bbox 1141 3133 1521 3201; x_wconf 86' lang='lat' dir='ltr'>uocabulum</span> <span class='ocrx_word' id='word_1_214' title='bbox 1557 3136 1978 3201; x_wconf 79' lang='lat' dir='ltr'>consecutam.</span> 
     </span>
    </p>

    <p class='ocr_par' dir='ltr' id='par_1_11' title="bbox 371 3239 2599 3631">
     <span class='ocr_line' id='line_1_27' title="bbox 517 3239 2593 3323; baseline -0 -21"><span class='ocrx_word' id='word_1_215' title='bbox 517 3243 628 3302; x_wconf 70' lang='grc' dir='ltr'>Ἐὐ</span> <span class='ocrx_word' id='word_1_216' title='bbox 669 3244 833 3304; x_wconf 80' lang='lat' dir='ltr'>uenit</span> <span class='ocrx_word' id='word_1_217' title='bbox 875 3242 1128 3303; x_wconf 82' lang='lat' dir='ltr'>Emmor</span> <span class='ocrx_word' id='word_1_218' title='bbox 1169 3245 1226 3302; x_wconf 80' lang='lat' dir='ltr'>et</span> <span class='ocrx_word' id='word_1_219' title='bbox 1253 3239 1504 3321; x_wconf 75' lang='lat' dir='ltr'>Sychem</span> <span class='ocrx_word' id='word_1_220' title='bbox 1530 3240 1716 3320; x_wconf 77' lang='lat' dir='ltr'>filius</span> <span class='ocrx_word' id='word_1_221' title='bbox 1755 3244 1886 3302; x_wconf 71' lang='lat' dir='ltr'>eius</span> <span class='ocrx_word' id='word_1_222' title='bbox 1918 3241 1997 3303; x_wconf 82' lang='lat' dir='ltr'>ad</span> <span class='ocrx_word' id='word_1_223' title='bbox 2038 3244 2283 3323; x_wconf 79' lang='lat' dir='ltr'>portam</span> <span class='ocrx_word' id='word_1_224' title='bbox 2328 3241 2593 3301; x_wconf 50' lang='lat' dir='ltr'>ciuitate&amp;</span> 
     </span>
     <span class='ocr_line' id='line_1_28' title="bbox 372 3328 2599 3427; baseline -0.001 -22"><span class='ocrx_word' id='word_1_225' title='bbox 372 3364 516 3407; x_wconf 76' lang='lat' dir='ltr'>suae</span> <span class='ocrx_word' id='word_1_226' title='bbox 556 3348 613 3406; x_wconf 80' lang='lat' dir='ltr'>et</span> <span class='ocrx_word' id='word_1_227' title='bbox 660 3346 848 3407; x_wconf 82' lang='lat' dir='ltr'>locuti</span> <span class='ocrx_word' id='word_1_228' title='bbox 883 3347 1022 3405; x_wconf 71' lang='lat' dir='ltr'>sunt</span> <span class='ocrx_word' id='word_1_229' title='bbox 1065 3343 1143 3405; x_wconf 83' lang='lat' dir='ltr'>ad</span> <span class='ocrx_word' id='word_1_230' title='bbox 1182 3346 1351 3405; x_wconf 76' lang='lat' dir='ltr'>uiros</span> <span class='ocrx_word' id='word_1_231' title='bbox 1393 3328 1662 3405; x_wconf 67' lang='lat' dir='ltr'>ciuitatis·</span> <span class='ocrx_word' id='word_1_232' title='bbox 1706 3344 1963 3407; x_wconf 74' lang='lat' dir='ltr'>dicentes</span> <span class='ocrx_word' id='word_1_233' title='bbox 2021 3344 2157 3405; x_wconf 78' lang='lat' dir='ltr'>Uiri</span> <span class='ocrx_word' id='word_1_234' title='bbox 2189 3346 2297 3404; x_wconf 71' lang='lat' dir='ltr'>isti</span> <span class='ocrx_word' id='word_1_235' title='bbox 2348 3341 2599 3427; x_wconf 74' lang='lat' dir='ltr'>pacifici</span> 
     </span>
     <span class='ocr_line' id='line_1_29' title="bbox 371 3443 2593 3527; baseline -0.002 -16"><span class='ocrx_word' id='word_1_236' title='bbox 371 3450 539 3511; x_wconf 74' lang='lat' dir='ltr'>nobis</span> <span class='ocrx_word' id='word_1_237' title='bbox 589 3450 741 3509; x_wconf 74' lang='lat' dir='ltr'>sunt.</span> <span class='ocrx_word' id='word_1_238' title='bbox 846 3446 954 3511; x_wconf 92' lang='lat' dir='ltr'>ubi</span> <span class='ocrx_word' id='word_1_239' title='bbox 1009 3463 1177 3509; x_wconf 91' lang='lat' dir='ltr'>nunc</span> <span class='ocrx_word' id='word_1_240' title='bbox 1235 3444 1407 3509; x_wconf 90' lang='lat' dir='ltr'>LXX</span> <span class='ocrx_word' id='word_1_241' title='bbox 1459 3445 1835 3526; x_wconf 87' lang='lat' dir='ltr'>interpretes</span> <span class='ocrx_word' id='word_1_242' title='bbox 1893 3445 2189 3527; x_wconf 87' lang='lat' dir='ltr'>pacificos</span> <span class='ocrx_word' id='word_1_243' title='bbox 2246 3443 2593 3507; x_wconf 84' lang='lat' dir='ltr'>transtule-</span> 
     </span>
     <span class='ocr_line' id='line_1_30' title="bbox 373 3536 2594 3631; baseline -0.004 -16"><span class='ocrx_word' id='word_1_244' title='bbox 373 3551 554 3625; x_wconf 88' lang='lat' dir='ltr'>runt,</span> <span class='ocrx_word' id='word_1_245' title='bbox 614 3546 852 3631; x_wconf 88' lang='lat' dir='ltr'>Aquila</span> <span class='ocrx_word' id='word_1_246' title='bbox 902 3547 1352 3631; x_wconf 85' lang='lat' dir='ltr'>interpretatus</span> <span class='ocrx_word' id='word_1_247' title='bbox 1403 3549 1502 3612; x_wconf 83' lang='lat' dir='ltr'>est</span> <span class='ocrx_word' id='word_1_248' title='bbox 1555 3536 2074 3631; x_wconf 78' lang='grc' dir='ltr'><strong><em>ἀπηρτισμένους</em></strong></span> <span class='ocrx_word' id='word_1_249' title='bbox 2089 3595 2103 3621; x_wconf 91' lang='grc'><em>,</em></span> <span class='ocrx_word' id='word_1_250' title='bbox 2166 3544 2231 3609; x_wconf 93' lang='lat' dir='ltr'>id</span> <span class='ocrx_word' id='word_1_251' title='bbox 2292 3548 2389 3610; x_wconf 82' lang='lat' dir='ltr'>est</span> <span class='ocrx_word' id='word_1_252' title='bbox 2444 3563 2594 3609; x_wconf 89' lang='lat' dir='ltr'>con-</span> 
     </span>
    </p>

    <p class='ocr_par' dir='ltr' id='par_1_12' title="bbox 267 3646 2597 3734">
     <span class='ocr_line' id='line_1_31' title="bbox 267 3646 2597 3734; baseline -0.003 -15"><span class='ocrx_word' id='word_1_253' title='bbox 267 3664 339 3719; x_wconf 84' lang='lat'>30</span> <span class='ocrx_word' id='word_1_254' title='bbox 375 3653 722 3718; x_wconf 81' lang='lat' dir='ltr'>summates</span> <span class='ocrx_word' id='word_1_255' title='bbox 802 3651 988 3734; x_wconf 83' lang='lat' dir='ltr'>atque</span> <span class='ocrx_word' id='word_1_256' title='bbox 1067 3649 1380 3732; x_wconf 84' lang='lat' dir='ltr'>perfectos</span> <span class='ocrx_word' id='word_1_257' title='bbox 1399 3696 1414 3726; x_wconf 89' lang='lat'><strong>‚</strong></span> <span class='ocrx_word' id='word_1_258' title='bbox 1492 3667 1607 3733; x_wconf 83' lang='lat' dir='ltr'>pro</span> <span class='ocrx_word' id='word_1_259' title='bbox 1682 3667 1804 3732; x_wconf 88' lang='lat' dir='ltr'>quo</span> <span class='ocrx_word' id='word_1_260' title='bbox 1878 3650 1946 3713; x_wconf 90' lang='lat' dir='ltr'>in</span> <span class='ocrx_word' id='word_1_261' title='bbox 2015 3648 2284 3713; x_wconf 84' lang='lat' dir='ltr'>hebraeo</span> <span class='ocrx_word' id='word_1_262' title='bbox 2357 3646 2597 3730; x_wconf 84' lang='lat' dir='ltr'>legitur</span> 
     </span>
    </p>
   </div>
   <div class='ocr_carea' id='block_1_5' title="bbox 512 3810 2082 3881">
    <p class='ocr_par' dir='ltr' id='par_1_13' title="bbox 512 3810 2082 3881">
     <span class='ocr_line' id='line_1_32' title="bbox 512 3810 2082 3881; baseline 0 -16"><span class='ocrx_word' id='word_1_263' title='bbox 512 3818 546 3872; x_wconf 88' lang='lat'>6</span> <span class='ocrx_word' id='word_1_264' title='bbox 581 3818 689 3866; x_wconf 82' lang='lat' dir='ltr'>Gen</span> <span class='ocrx_word' id='word_1_265' title='bbox 725 3815 811 3877; x_wconf 88' lang='lat'>33,</span> <span class='ocrx_word' id='word_1_266' title='bbox 849 3815 913 3867; x_wconf 81' lang='lat'>17</span> <span class='ocrx_word' id='word_1_267' title='bbox 960 3812 968 3879; x_wconf 97' lang='grc' dir='ltr'>Ι</span> <span class='ocrx_word' id='word_1_268' title='bbox 1022 3814 1089 3867; x_wconf 89' lang='grc'>12</span> <span class='ocrx_word' id='word_1_269' title='bbox 1127 3814 1236 3865; x_wconf 86' lang='lat' dir='ltr'>Gen</span> <span class='ocrx_word' id='word_1_270' title='bbox 1271 3813 1357 3878; x_wconf 88' lang='lat'>33,</span> <span class='ocrx_word' id='word_1_271' title='bbox 1398 3811 1466 3867; x_wconf 90' lang='lat'>18</span> <span class='ocrx_word' id='word_1_272' title='bbox 1497 3810 1505 3881; x_wconf 92' lang='grc' dir='ltr'>Ι</span> <span class='ocrx_word' id='word_1_273' title='bbox 1537 3812 1607 3866; x_wconf 90' lang='grc'>26</span> <span class='ocrx_word' id='word_1_274' title='bbox 1651 3814 1760 3864; x_wconf 84' lang='lat' dir='ltr'>Gen</span> <span class='ocrx_word' id='word_1_275' title='bbox 1794 3811 1879 3875; x_wconf 85' lang='lat'>34,</span> <span class='ocrx_word' id='word_1_276' title='bbox 1915 3812 1986 3867; x_wconf 82' lang='lat'>20</span> <span class='ocrx_word' id='word_1_277' title='bbox 2018 3811 2082 3865; x_wconf 89' lang='lat'>21</span> 
     </span>
    </p>
   </div>
   <div class='ocr_carea' id='block_1_6' title="bbox 361 3967 2595 4474">
    <p class='ocr_par' dir='ltr' id='par_1_14' title="bbox 361 3967 2595 4474">
     <span class='ocr_line' id='line_1_33' title="bbox 515 3967 2590 4041; baseline -0.004 -13"><span class='ocrx_word' id='word_1_278' title='bbox 515 3977 546 4030; x_wconf 93' lang='lat'>1</span> <span class='ocrx_word' id='word_1_279' title='bbox 587 3977 906 4041; x_wconf 69' lang='lat' dir='ltr'>hnmceycen</span> <span class='ocrx_word' id='word_1_280' title='bbox 929 3976 1161 4039; x_wconf 62' lang='lat' dir='ltr'>frising,</span> <span class='ocrx_word' id='word_1_281' title='bbox 1194 3988 1473 4040; x_wconf 65' lang='lat' dir='ltr'>maycycnu</span> <span class='ocrx_word' id='word_1_282' title='bbox 1512 3976 1720 4036; x_wconf 68' lang='lat' dir='ltr'>waplam</span> <span class='ocrx_word' id='word_1_283' title='bbox 1737 4012 1750 4037; x_wconf 92' lang='lat'>,</span> <span class='ocrx_word' id='word_1_284' title='bbox 1789 3987 2068 4039; x_wconf 70' lang='lat' dir='ltr'>maycyenn</span> <span class='ocrx_word' id='word_1_285' title='bbox 2104 3974 2239 4023; x_wconf 78' lang='lat' dir='ltr'>hercl</span> <span class='ocrx_word' id='word_1_286' title='bbox 2266 3969 2274 4037; x_wconf 89' lang='grc' dir='ltr'>Ι</span> <span class='ocrx_word' id='word_1_287' title='bbox 2304 3971 2340 4025; x_wconf 88' lang='grc'>6</span> <span class='ocrx_word' id='word_1_288' title='bbox 2380 3970 2479 4020; x_wconf 83' lang='lat' dir='ltr'>sibi</span> <span class='ocrx_word' id='word_1_289' title='bbox 2508 3986 2554 4039; x_wconf 84' lang='grc' dir='ltr'><em>φ</em></span> <span class='ocrx_word' id='word_1_290' title='bbox 2583 3967 2590 4037; x_wconf 92' lang='grc' dir='ltr'>Ι</span> 
     </span>
     <span class='ocr_line' id='line_1_34' title="bbox 373 4055 2595 4128; baseline -0.003 -14"><span class='ocrx_word' id='word_1_291' title='bbox 373 4065 408 4119; x_wconf 88' lang='grc'>6</span> <span class='ocrx_word' id='word_1_292' title='bbox 443 4064 646 4114; x_wconf 82' lang='lat' dir='ltr'>domum</span> <span class='ocrx_word' id='word_1_293' title='bbox 678 4060 828 4113; x_wconf 79' lang='lat' dir='ltr'>iacob</span> <span class='ocrx_word' id='word_1_294' title='bbox 865 4064 902 4125; x_wconf 84' lang='grc' dir='ltr'>β</span> <span class='ocrx_word' id='word_1_295' title='bbox 931 4059 940 4128; x_wconf 87' lang='grc' dir='ltr'>Ι</span> <span class='ocrx_word' id='word_1_296' title='bbox 971 4059 1006 4115; x_wconf 91' lang='grc'>8</span> <span class='ocrx_word' id='word_1_297' title='bbox 1043 4060 1222 4109; x_wconf 81' lang='lat' dir='ltr'>socoth</span> <span class='ocrx_word' id='word_1_298' title='bbox 1258 4064 1323 4124; x_wconf 80' lang='grc' dir='ltr'>β,</span> <span class='ocrx_word' id='word_1_299' title='bbox 1379 4059 1595 4110; x_wconf 81' lang='lat' dir='ltr'>sochoth</span> <span class='ocrx_word' id='word_1_300' title='bbox 1630 4076 1683 4126; x_wconf 80' lang='grc' dir='ltr'>γ,</span> <span class='ocrx_word' id='word_1_301' title='bbox 1724 4059 2002 4109; x_wconf 77' lang='lat' dir='ltr'>sechchoth</span> <span class='ocrx_word' id='word_1_302' title='bbox 2037 4074 2083 4127; x_wconf 85' lang='grc' dir='ltr'>φ</span> <span class='ocrx_word' id='word_1_303' title='bbox 2113 4056 2121 4123; x_wconf 95' lang='grc' dir='ltr'>Ι</span> <span class='ocrx_word' id='word_1_304' title='bbox 2157 4055 2221 4110; x_wconf 89' lang='grc'>10</span> <span class='ocrx_word' id='word_1_305' title='bbox 2257 4057 2391 4107; x_wconf 81' lang='lat' dir='ltr'>inter</span> <span class='ocrx_word' id='word_1_306' title='bbox 2426 4074 2490 4125; x_wconf 77' lang='grc' dir='ltr'>φ,</span> <span class='ocrx_word' id='word_1_307' title='bbox 2538 4056 2595 4107; x_wconf 88' lang='lat' dir='ltr'>in</span> 
     </span>
     <span class='ocr_line' id='line_1_35' title="bbox 373 4140 2593 4218; baseline -0.007 -14"><span class='ocrx_word' id='word_1_308' title='bbox 373 4155 448 4218; x_wconf 76' lang='grc' dir='ltr'>βγ</span> <span class='ocrx_word' id='word_1_309' title='bbox 477 4146 488 4216; x_wconf 95' lang='grc' dir='ltr'>Ι</span> <span class='ocrx_word' id='word_1_310' title='bbox 521 4149 589 4203; x_wconf 88' lang='grc'>10</span> <span class='ocrx_word' id='word_1_311' title='bbox 623 4163 726 4213; x_wconf 80' lang='lat' dir='ltr'>qua</span> <span class='ocrx_word' id='word_1_312' title='bbox 757 4163 797 4214; x_wconf 81' lang='lat' dir='ltr'>y</span> <span class='ocrx_word' id='word_1_313' title='bbox 825 4144 894 4214; x_wconf 66' lang='grc' dir='ltr'>[Ρ]</span> <span class='ocrx_word' id='word_1_314' title='bbox 920 4163 990 4215; x_wconf 85' lang='grc' dir='ltr'>φ,</span> <span class='ocrx_word' id='word_1_315' title='bbox 1022 4160 1122 4211; x_wconf 85' lang='lat' dir='ltr'>quo</span> <span class='ocrx_word' id='word_1_316' title='bbox 1156 4151 1191 4211; x_wconf 80' lang='grc' dir='ltr'>β</span> <span class='ocrx_word' id='word_1_317' title='bbox 1220 4144 1230 4211; x_wconf 92' lang='grc' dir='ltr'>Ι</span> <span class='ocrx_word' id='word_1_318' title='bbox 1263 4144 1329 4199; x_wconf 89' lang='grc'>16</span> <span class='ocrx_word' id='word_1_319' title='bbox 1366 4145 1488 4196; x_wconf 82' lang='lat' dir='ltr'>urbs</span> <span class='ocrx_word' id='word_1_320' title='bbox 1521 4150 1739 4209; x_wconf 79' lang='lat' dir='ltr'>utraque</span> <span class='ocrx_word' id='word_1_321' title='bbox 1774 4162 1819 4213; x_wconf 85' lang='grc' dir='ltr'>φ</span> <span class='ocrx_word' id='word_1_322' title='bbox 1851 4144 1858 4211; x_wconf 92' lang='grc' dir='ltr'>Ι</span> <span class='ocrx_word' id='word_1_323' title='bbox 1892 4144 1957 4198; x_wconf 84' lang='grc'>19</span> <span class='ocrx_word' id='word_1_324' title='bbox 1995 4143 2217 4193; x_wconf 86' lang='lat' dir='ltr'>dicemus</span> <span class='ocrx_word' id='word_1_325' title='bbox 2254 4161 2299 4212; x_wconf 85' lang='grc' dir='ltr'>φ</span> <span class='ocrx_word' id='word_1_326' title='bbox 2330 4141 2338 4208; x_wconf 99' lang='grc' dir='ltr'>Ι</span> <span class='ocrx_word' id='word_1_327' title='bbox 2370 4140 2440 4195; x_wconf 86' lang='grc'>25</span> <span class='ocrx_word' id='word_1_328' title='bbox 2476 4157 2593 4191; x_wconf 86' lang='lat' dir='ltr'>con-</span> 
     </span>
     <span class='ocr_line' id='line_1_36' title="bbox 373 4229 2594 4302; baseline -0.004 -17"><span class='ocrx_word' id='word_1_329' title='bbox 373 4240 692 4302; x_wconf 67' lang='lat' dir='ltr'>sequutamq)</span> <span class='ocrx_word' id='word_1_330' title='bbox 723 4231 732 4299; x_wconf 85' lang='grc' dir='ltr'>Ι</span> <span class='ocrx_word' id='word_1_331' title='bbox 762 4232 834 4286; x_wconf 87' lang='grc'>26</span> <span class='ocrx_word' id='word_1_332' title='bbox 856 4246 996 4281; x_wconf 80' lang='lat' dir='ltr'>emor</span> <span class='ocrx_word' id='word_1_333' title='bbox 1006 4236 1043 4297; x_wconf 83' lang='grc' dir='ltr'>β</span> <span class='ocrx_word' id='word_1_334' title='bbox 1071 4231 1081 4297; x_wconf 86' lang='grc' dir='ltr'>Ι</span> <span class='ocrx_word' id='word_1_335' title='bbox 1111 4231 1179 4285; x_wconf 83' lang='grc'>27</span> <span class='ocrx_word' id='word_1_336' title='bbox 1217 4231 1473 4301; x_wconf 66' lang='grc' dir='ltr'>Ιοφιιιῒίφ</span> <span class='ocrx_word' id='word_1_337' title='bbox 1504 4233 1514 4295; x_wconf 89' lang='grc' dir='ltr'>Ι</span> <span class='ocrx_word' id='word_1_338' title='bbox 1544 4229 1616 4284; x_wconf 89' lang='grc'>28</span> <span class='ocrx_word' id='word_1_339' title='bbox 1637 4231 1963 4300; x_wconf 73' lang='lat' dir='ltr'>nobiscumq&gt;</span> <span class='ocrx_word' id='word_1_340' title='bbox 1992 4229 2001 4295; x_wconf 96' lang='grc' dir='ltr'>Ι</span> <span class='ocrx_word' id='word_1_341' title='bbox 2034 4229 2101 4285; x_wconf 82' lang='grc'>29</span> <span class='ocrx_word' id='word_1_342' title='bbox 2127 4230 2411 4293; x_wconf 76' lang='lat' dir='ltr'>anhp‘rlcu</span> <span class='ocrx_word' id='word_1_343' title='bbox 2436 4242 2594 4295; x_wconf 83' lang='lat' dir='ltr'>enoyc</span> 
     </span>
     <span class='ocr_line' id='line_1_37' title="bbox 361 4317 2595 4388; baseline -0.003 -18"><span class='ocrx_word' id='word_1_344' title='bbox 361 4324 590 4388; x_wconf 66' lang='lat' dir='ltr'>frisio-q,</span> <span class='ocrx_word' id='word_1_345' title='bbox 651 4332 1096 4386; x_wconf 66' lang='lat' dir='ltr'>mnnmnoyc</span> <span class='ocrx_word' id='word_1_346' title='bbox 1132 4320 1361 4381; x_wconf 67' lang='lat' dir='ltr'>waplam,</span> <span class='ocrx_word' id='word_1_347' title='bbox 1417 4332 1917 4385; x_wconf 68' lang='lat' dir='ltr'>mremyeuwyc</span> <span class='ocrx_word' id='word_1_348' title='bbox 1956 4318 2087 4367; x_wconf 77' lang='lat' dir='ltr'>hercl</span> <span class='ocrx_word' id='word_1_349' title='bbox 2098 4354 2113 4381; x_wconf 89' lang='lat'><strong>,</strong></span> <span class='ocrx_word' id='word_1_350' title='bbox 2161 4320 2217 4366; x_wconf 73' lang='lat' dir='ltr'>in</span> <span class='ocrx_word' id='word_1_351' title='bbox 2255 4330 2349 4378; x_wconf 80' lang='lat' dir='ltr'>quo</span> <span class='ocrx_word' id='word_1_352' title='bbox 2386 4329 2419 4381; x_wconf 84' lang='lat' dir='ltr'>y</span> <span class='ocrx_word' id='word_1_353' title='bbox 2443 4317 2595 4376; x_wconf 73' lang='lat' dir='ltr'>prim</span> 
     </span>
     <span class='ocr_line' id='line_1_38' title="bbox 378 4408 824 4474; baseline -0.007 -16"><span class='ocrx_word' id='word_1_354' title='bbox 378 4410 582 4474; x_wconf 71' lang='lat' dir='ltr'>eponqia</span> <span class='ocrx_word' id='word_1_355' title='bbox 621 4408 824 4456; x_wconf 72' lang='lat' dir='ltr'>deletum</span> 
     </span>
    </p>
   </div>
  </div>
 </body>
</html>
