3169 4941
1305 443 1532 499 Genesis
1565 444 1653 499 25.
2520 446 2591 500 95

301 622 327 667 1
361 601 506 672 υἲοῢ
565 607 762 670 αυτοῦ
804 599 905 669 ἔτι
945 604 1181 685 ζῶντος
1239 595 1433 671 αὐτοῦ
1489 603 1665 692 πρὸς
1705 595 2022 683 ἀνατολὰς
2066 602 2163 685 εἶς
2198 607 2309 697 γῆν
2346 598 2586 673 ἄνατο-

361 711 508 775 λῶν.
564 712 803 775 ’Ῑταῦτα
849 706 922 775 δὲ
961 708 1044 774 τὰ
1075 705 1187 798 ἔτη
1217 705 1465 798 ἡμερῶν
1494 714 1611 798 τῆς
1638 708 1803 799 ζωῆς
1836 701 2163 795 Ἀβραάμ,
2199 706 2325 779 ὅσα
2356 707 2593 801 ἔζησεν,

364 809 598 881 ἑκατὸν
680 807 1314 902 ἑβδομηκονταπέντε
1391 809 1522 903 ἔτη.
1640 816 1668 855 ⁸
1681 813 1794 879 καὶ
1860 810 2181 881 ἐκλείπων
2252 806 2594 884 ἀπέθανεν

382 910 402 935 ³
421 918 674 1007 (βραὰμ
722 916 791 983 ἐν
833 911 998 1007 γήρᾳ
1040 919 1236 1005 καλῷ,
1285 911 1649 1007 πρεσβύτης
1690 916 1806 984 καὶ
1847 912 2101 1007 πλήρης
2143 915 2420 1007 ἡμερῶν,
2482 920 2596 987 καὶ

301 1040 332 1086 5
367 1019 746 1111 προσετέθη
783 1020 956 1110 πρὸς
997 1020 1111 1089 τὸν
1154 1020 1310 1089 λαὸν
1353 1014 1568 1088 αὐτοῦ.
1642 1024 1671 1064 ⁹
1686 1020 1801 1088 καὶ
1843 1018 2118 1110 ἔθαψαν
2146 1014 2341 1091 αὐτὸν
2367 1016 2597 1091 Ἰσαὰκ

368 1126 484 1195 καὶ
521 1119 793 1216 Ἰσμαὴλ
836 1121 902 1191 οἱ
945 1121 1080 1192 υἱοὶ
1123 1118 1320 1193 αὐτοῦ
1361 1123 1460 1205 εἰς
1499 1124 1590 1194 τὸ·
1626 1119 1945 1216 σπήλαιον
2007 1124 2083 1194 τὸ
2130 1128 2433 1212 διπλοῦν,
2502 1125 2597 1208 εἷς

366 1231 480 1299 τὸν
519 1222 713 1318 ἀγρὸν
738 1221 994 1318 Ἐφρών
1037 1234 1153 1297 τοῦ
1179 1231 1362 1319 Σαοὶρ
1402 1234 1519 1297 τοῦ
1549 1226 1905 1314 Χετταίου,
1958 1227 2032 1310 ὅς
2076 1228 2255 1297 ἔστιν
2286 1224 2597 1299 ἀπέναντι

368 1340 665 1424 Μαμβρῆ
669 1387 687 1401 .
735 1333 920 1401 10τὸν
960 1326 1156 1422 ἆγρὸν
1193 1334 1308 1402 καὶ
1349 1333 1425 1402 τὸ
1472 1329 1817 1422 σπήλαιον,
1862 1329 1899 1403 ὃ
1941 1330 2258 1423 ἐκτήσατο
2290 1327 2595 1424 ,Ἀβραὰμ

369 1440 557 1528 παρὰ
597 1442 725 1506 τῶν
766 1434 924 1505 υἱῶν
966 1442 1084 1505 τοῦ
1126 1436 1268 1505 Χέτ
1285 1490 1304 1519 ,
1349 1437 1487 1505 ἐκεῖ
1528 1435 1804 1526 ἔθαψαν
1848 1431 2151 1527 Ἀβραὰμ
2193 1438 2307 1507 καὶ
2346 1439 2599 1530 Σάρραν

271 1561 334 1606 10
369 1544 486 1633 τὴν
523 1548 787 1633 γυναῖκα
832 1539 1041 1611 αὐτοῦ.
1113 1547 1173 1585 1¹
1192 1540 1441 1628 ἐγένετο
1489 1541 1564 1609 δὲ
1598 1542 1762 1626 μετὰ
1790 1542 1869 1610 τὸ
1898 1535 2274 1611 ἀποθανεῖν
2298 1541 2599 1633 ,Ἀβραὰμ

370 1641 708 1737 εὐλόγησεν
737 1644 774 1715 ὃ
803 1646 967 1726 θεὸς
1003 1645 1115 1714 τὸν
1135 1642 1352 1713 Ἰσαὰκ
1380 1641 1518 1714 υἱὸν
1546 1637 1747 1713 αὐτοῦ
1761 1669 1775 1683 ·
1834 1645 1946 1713 καὶ
1978 1645 2347 1737 κατῴκησεν
2365 1639 2597 1715 Ἰσαὰκ

371 1751 556 1838 παρὰ
597 1752 675 1818 τὸ
718 1750 926 1840 φρέαρ
966 1755 1084 1839 τῆς
1127 1746 1427 1837 ὁράσεως.
1507 1753 1566 1792 ²²
1581 1742 1774 1816 αὗται
1817 1749 1891 1817 δὲ
1920 1747 1992 1817 αὶ
2022 1750 2297 1837 γενέσεις
2326 1743 2598 1841 Ἰσμαὴλ

369 1859 486 1923 τοῦ
526 1852 666 1923 υἱοῦ
711 1849 1043 1943 Ἀβραάμ,
1110 1845 1183 1924 ὃν
1229 1849 1438 1922 ἔτεκεν
1491 1850 1694 1942 Ἅγαρ
1755 1850 1796 1945 ἦ
1838 1851 2152 1941 αἰγυπτία
2184 1852 2233 1951 ἡ
2278 1853 2597 1946 παιδίσκη

371 1958 630 2049 Σάρρας
683 1964 778 2048 τῷ
832 1953 1135 2048 Ἀβραάμ.
1230 1962 1290 2002 ¹⁸
1313 1956 1426 2026 καὶ
1492 1965 1700 2026 ταῦτα
1757 1958 1841 2027 τὰ
1912 1952 2202 2044 ὀνόματα
2255 1966 2387 2027 τῶν
2441 1956 2597 2027 υἱῶν

271 2080 336 2127 15
365 2056 636 2155 Ἰσμαὴλ
681 2066 821 2131 κατ’
852 2060 1137 2148 ὀνόματα
1163 2069 1292 2129 τῶν
1319 2071 1542 2149 γενεῶν
1575 2055 1800 2131 αὖτοῦ·
1864 2058 2285 2151 πρωτότοκος
2315 2060 2595 2155 Ἰσμαήλ,

371 2167 485 2235 καὶ
539 2168 876 2253 Ναβαϊώθ
923 2167 1035 2234 καὶ
1071 2167 1300 2259 Κηδὰρ
1355 2166 1465 2233 καὶ
1524 2167 1829 2258 Ναβδεὴλ
1867 2167 1981 2233 καὶ
2035 2168 2339 2252 Μασσὰμ
2409 2172 2469 2212 14
2484 2167 2599 2235 καὶ

370 2270 630 2357 Μασμὰ
683 2269 796 2338 καὶ
838 2270 1071 2356 Δουμὰ
1119 2270 1233 2337 καὶ
1282 2274 1532 2362 Μασσῆ
1618 2274 1677 2313 ¹⁵
1692 2269 1801 2338 καὶ
1845 2270 2110 2338 Χοδδὰν
2166 2270 2282 2338 καὶ
2342 2272 2599 2357 Θαιμὰν

513 2567 544 2620 1
578 2565 708 2619 ante
740 2581 850 2633 γην
890 2563 955 2631 -Ι-
990 2583 1091 2632 την
1125 2582 1154 2617 z
1182 2565 1191 2633 Ι
1224 2565 1259 2617 2
1292 2583 1385 2631 της
1418 2574 1488 2624 >
1522 2563 1814 2618 ADEamtz
1846 2565 1855 2632 Ι
1886 2565 1921 2618 2
1962 2581 2099 2625 οοας
2134 2563 2266 2633 1:12
2302 2566 2453 2631 εζησε
2481 2567 2542 2618 132
2582 2563 2591 2634 Ι

367 2651 404 2705 3
439 2669 539 2722 ροε
577 2669 668 2718 ετη
705 2652 813 2704 mtz
844 2650 854 2720 Ι
885 2651 920 2703 3
956 2651 1341 2722 εβδομηκοντα
1377 2651 1492 2705 sine
1531 2668 1695 2704 πεντε
1719 2650 1765 2704 Ε
1796 2651 1805 2718 Ι
1833 2652 1869 2706 3
1894 2648 2137 2704 ἐκλιπών
2158 2667 2215 2705 cz
2247 2652 2256 2720 Ι
2285 2649 2323 2704 4
2353 2649 2599 2720 „Aquila

367 2740 422 2792 et
460 2736 810 2807 Symmachus
848 2754 908 2790 εν
942 2739 1114 2806 πολιᾳ
1152 2742 1390 2810 αγαθῃ“
1425 2736 1460 2791 b
1484 2747 1552 2781 ¹¹¹⁸
1581 2737 1591 2807 Ι
1620 2737 1659 2791 4
1692 2755 1851 2811 γηρει
1882 2736 2138 2791 ADEmtz
2169 2738 2178 2808 Ι
2226 2737 2262 2790 4
2296 2744 2596 2811 πρεσβυτε-

370 2843 470 2897 ρος
503 2826 615 2878 mtz
667 2823 676 2893 Ι
729 2823 768 2878 4
796 2825 1024 2894 πληρεις
1057 2837 1143 2876 mz
1186 2824 1194 2892 Ι
1242 2824 1278 2880 5
1314 2841 1412 2877 τον
1445 2826 1582 2877 λαον
1618 2823 1909 2888 Aabcmtz,
1945 2842 2071 2882 τους
2107 2841 2349 2898 πατερας
2381 2823 2434 2876 D
2475 2822 2595 2890 [3122

369 2913 616 2979 superest
649 2929 776 2969 τους
809 2928 893 2963 πα
929 2910 1010 2979 ας]
1050 2909 1096 2962 Ε
1111 2948 1125 2962 .
1165 2949 1197 2974 ,,
1216 2909 1364 2963 schol
1398 2927 1543 2982 προς
1575 2930 1704 2972 τους
1740 2914 2026 2984 περατας“
2049 2908 2085 2963 b
2109 2919 2202 2976 ωδ,
2242 2923 2401 2978 quem
2434 2908 2593 2962 facile

365 2997 518 3050 nidos
554 3014 791 3070 πατερας
823 2996 1058 3051 uoluisse
1112 2996 1120 3064 Ι
1174 2999 1209 3052 6
1243 2999 1371 3065 post
1407 3016 1462 3049 οι
1498 2997 1564 3065 -Ι-
1606 2997 1709 3050 δυο
1747 2996 1957 3052 AEamt
2009 2997 2024 3066 Ι
2074 2996 2105 3050 7
2142 2997 2202 3051 in
2231 2995 2475 3064 margine
2511 3011 2593 3048 mx

373 3101 558 3158 εφρων
591 3101 730 3151 χους
771 3101 804 3149 η
851 3101 1040 3154 γηινος
1080 3101 1114 3149 η
1167 3083 1410 3142 σποδος.
1479 3098 1623 3154 σααρ
1686 3090 2058 3156 μεσημβριας.
2119 3085 2329 3154 ιδουμα
2378 3097 2595 3149 σιωπη.

369 3175 604 3244 μαμβρη
666 3187 784 3222 απο
839 3183 1104 3244 ορασεως.
1165 3183 1344 3239 μασσι
1387 3183 1650 3242 επαρσις.
1708 3171 1919 3240 ισμαηλ
1967 3188 2103 3236 anon
2150 3175 2287 3223 θεου
2306 3208 2320 3222 .
2372 3167 2597 3238 gomae

370 3273 574 3330 μετρον
625 3272 960 3326 κενουμενον
989 3293 1003 3308 .
1067 3261 1325 3324 ναβαιωθ
1381 3271 1693 3328 προφητεια
1718 3295 1730 3308 .
1790 3261 1981 3327 θεμαν
2043 3258 2329 3309 συντελεια
2351 3297 2361 3308 .
2419 3255 2597 3327 κηδαρ

374 3354 788 3412 συσκοτασμος.
839 3358 1025 3413 ιετουρ
1066 3343 1365 3413 εξορισμος
1393 3380 1405 3392 .
1455 3341 1695 3409 ναβὸεηλ
1733 3341 2013 3395 δουλευων
2049 3347 2165 3411 &sep
2191 3381 2205 3394 .
2248 3358 2421 3413 ναφες
2456 3359 2593 3394 ανα-

371 3439 551 3497 ψυχη.
598 3442 836 3499 μασμαν
873 3441 1131 3500 προσοχη
1164 3425 1198 3494 ἢ
1237 3447 1404 3494 ακοη.
1453 3427 1638 3500 neema
1676 3433 2057 3500 εμπροσθιος.
2099 3442 2329 3499 μασσαν
2366 3430 2425 3488 εξ
2455 3427 2595 3492 ηδυ-

371 3527 556 3585 σμων.
616 3516 804 3567 ευιλατ
850 3513 1130 3567 ωὸινουσα
1147 3552 1161 3566 .
1223 3529 1361 3587 σουρ
1404 3531 1584 3583 τειχος
1628 3513 1637 3582 Ι
1681 3513 1713 3566 7
1752 3513 1958 3587 εφρανν]
1992 3519 2209 3587 χεβρων
2238 3511 2358 3582 mt!
2397 3513 2431 3567 7
2465 3513 2595 3566 ante

369 3617 468 3652 του
499 3599 652 3669 prius
687 3600 754 3668 -Ι-
791 3617 855 3652 το
889 3601 973 3654 mt
1025 3600 1034 3670 Ι
1101 3602 1132 3653 ’7
1168 3602 1298 3655 ante
1333 3614 1474 3673 σααρ
1513 3600 1579 3678 ‘k
1618 3618 1741 3653 υιου
1781 3614 1816 3653 a
1868 3599 1877 3667 Ι
1931 3600 1962 3652 7
1999 3619 2060 3660 ος
2090 3598 2375 3665 Eabemtz,
2426 3619 2461 3652 ο
2496 3598 2596 3653 AD

377 3685 484 3755 [Gn]
554 3686 563 3756 Ι
629 3687 943 3756 8ον1111ῑΙ
1011 3685 2009 3759 9παρατωνυιωντουχετ>Ε
2063 3684 2072 3745 Ι
2135 3685 2520 3747 9του>Ατ
2582 3685 2593 3756 Ι

372 3773 490 3840 9111
533 3788 670 3843 quae
702 3772 850 3828 inter
887 3793 981 3827 και
1017 3774 1052 3827 9
1097 3774 1153 3826 et
1202 3791 1370 3826 αυτου
1408 3773 1474 3827 11
1511 3770 1716 3835 media,
1762 3782 1831 3832 >
1867 3790 1898 3826 z
1965 3773 1975 3841 Ι
2039 3773 2103 3827 11
2154 3775 2466 3843 ηυλογησεν
2498 3771 2543 3824 Ε
2584 3771 2593 3841 Ι

372 3861 440 3914 11
474 3877 578 3913 τον
611 3869 680 3919 >
713 3876 746 3914 ο
773 3860 784 3930 Ι
815 3861 881 3915 11
917 3861 1046 3914 ante
1085 3875 1212 3913 υιον
1251 3861 1313 3924 -Ι-
1349 3875 1452 3912 τον
1485 3859 1565 3913 Ao
1596 3859 1605 3929 Ι
1638 3859 1705 3914 13
1739 3878 1837 3912 του
1873 3869 1942 3919 >
1978 3860 2061 3913 11113
2090 3859 2099 3927 Ι
2149 3859 2215 3914 13
2252 3877 2285 3925 η
2323 3875 2595 3926 αιγυπτια

373 3954 442 4004 >
478 3945 578 3999 ΑΙ)
615 3945 730 4017 [GR]
755 3945 864 4001 Eaz
926 3949 936 4013 Ι
1007 3947 1077 4001 13
1113 3965 1146 4013 η
1186 3945 1416 4001 alterum
1450 3955 1518 4006 >
1553 3946 1599 3999 Ε
1668 3946 1675 4014 Ι
1739 3944 1810 4001 14
1844 3959 2021 4019 σαρρα
2058 3962 2087 3997 z
2155 3945 2165 4012 Ι
2232 3944 2301 3997 15
2336 3944 2459 4014 κατ]
2501 3961 2597 3996 και

370 4050 439 4084 τα
471 4032 576 4096 Eo,
631 4052 774 4086 κατα
808 4053 872 4087 το
907 4051 937 4087 z
1005 4035 1014 4101 Ι
1082 4032 1150 4088 15
1175 4050 1356 4103 ονομα
1379 4031 1478 4086 AD
1509 4032 1618 4102 [GR]
1645 4033 1787 4086 amtz
1858 4032 1867 4100 Ι
1932 4031 1999 4086 15
2024 4032 2152 4099 post
2188 4048 2357 4082 αυτ-ου
2392 4029 2461 4096 -Ι-
2496 4045 2599 4080 κατ

371 4135 554 4189 ονομα
586 4137 698 4172 των
729 4136 940 4190 γενεων
975 4138 1144 4173 αυτου
1180 4134 1210 4173 ο
1257 4118 1268 4186 Ι
1315 4118 1383 4172 16
1419 4121 1478 4173 et
1514 4119 1582 4173 17
1617 4137 1713 4172 και
1748 4110 1979 4186 semper*
2006 4114 2215 4170 omittit
2244 4133 2275 4167 z
2326 4115 2337 4182 Ι
2392 4115 2461 4169 16
2500 4133 2597 4166 και

368 4203 603 4272 primum
637 4214 705 4266 >
730 4204 830 4260 AD
857 4206 970 4277 [en]
997 4206 1195 4274 Ecmtzj
1226 4205 1236 4275 Ι
1280 4206 1346 4260 16
1383 4203 1641 4274 ναβαιωβ
1670 4203 1896 4268 Aabmt‚
1933 4209 2171 4276 ναιβεωρ
2195 4201 2258 4265 Ε,
2292 4205 2516 4270 vastem&
2552 4216 2597 4266 ο,

367 4298 614 4359 ναβαιωτ
652 4309 681 4344 z
719 4294 730 4361 Ι
775 4292 844 4346 16
877 4294 1042 4367 κιδαρ
1074 4295 1103 4346 t
1148 4294 1159 4359 Ι
1211 4293 1280 4348 16
1313 4292 1587 4361 ναβδαιηλ
1622 4292 1673 4345 D
1701 4290 1843 4361 [GBL
1880 4289 2081 4357 αβδιηλ
2116 4287 2201 4340 mt
2265 4286 2274 4356 Ι
2342 4288 2411 4342 16
2449 4301 2601 4358 μασ-

368 4391 478 4430 σαν
511 4377 562 4431 D
593 4378 702 4449 [ΘΒ]
729 4381 868 4444 emt,
905 4386 1145 4451 μαβσαμ
1181 4379 1254 4443 Ε,
1313 4393 1516 4451 μασομ
1548 4395 1581 4433 z
1626 4380 1636 4447 Ι
1694 4379 1761 4435 17
1798 4390 2038 4451 μασμαν
2073 4374 2125 4429 D
2153 4375 2269 4441 [GR]
2294 4373 2399 4437 Εο,
2451 4387 2599 4446 μασ·

368 4476 487 4533 σαμ
521 4477 606 4527 m,
643 4479 893 4537 μασμαμ
926 4466 978 4530 t,
1013 4474 1082 4524 >
1119 4482 1150 4522 z
1181 4469 1192 4533 Ι
1225 4464 1290 4520 17
1329 4465 1542 4537 ιδουμα
1576 4465 1679 4520 AD
1707 4464 1825 4535 [GR]
1852 4463 1990 4529 emt,
2043 4461 2290 4534 ιδουμαν
2321 4460 2402 4531 Ε,
2424 4471 2493 4521 >
2516 4476 2549 4516 z
2586 4460 2597 4531 Ι
