3169 4941
541 608 661 674 bus
739 606 942 673 tribus
1007 605 1210 672 literis
1223 655 1242 683 ‚
1331 605 1398 672 id
1461 609 1560 672 est
1627 607 1725 673 sin
1797 627 1901 674 res
1964 610 2030 675 et
2098 609 2177 674 he
2196 658 2211 687 ‚
2286 607 2511 694 quibus
2569 607 2773 676 Saraa
2806 620 2844 674 1

545 711 864 791 scribitur,
919 710 1271 797 discrepare
1315 713 1722 779 manifestum
1764 713 1880 779 est.

717 818 800 881 Et
842 817 1052 881 cecidit
1097 817 1409 881 Abraham
1472 839 1655 901 super
1685 818 1919 899 faciem
1962 839 2135 882 suam
2190 825 2247 883 et
2305 823 2447 882 risit
2494 824 2553 883 et
2604 820 2771 884 da’m't

544 925 609 984 in
652 921 826 985 corde
868 942 976 985 suo
1063 922 1139 986 Si
1171 925 1502 985 centenario
1547 928 1825 986 nascetur
1847 923 2033 1004 filius
2046 973 2063 1000 ,
2106 929 2163 987 et
2201 923 2397 988 Saraa
2439 945 2768 1006 nonayena-

544 1028 644 1088 ria
675 1023 919 1108 pariet?
1011 1027 1077 1090 et
1130 1027 1276 1108 post
1333 1024 1660 1108 paululum
1720 1032 1777 1090 et
1834 1029 2075 1090 novabis
2129 1048 2338 1091 nomen
2392 1031 2522 1091 eius
2574 1028 2768 1095 Ιεααο.
2802 1027 2839 1081 5

547 1127 796 1194 diuersa
861 1129 1069 1212 opinio
1087 1177 1103 1206 ,
1179 1129 1291 1194 sed
1357 1148 1485 1194 una
1544 1129 1931 1214 etymologia
1952 1179 1967 1208 ,
2036 1148 2226 1214 quare
2275 1129 2633 1214 appellatus
2681 1130 2770 1196 sit

543 1231 742 1299 Isaac.
829 1232 1282 1316 interpretatur
1327 1234 1496 1298 enim
1537 1235 1719 1299 Isaac
1758 1235 1939 1299 risus.
2029 1233 2139 1300 alii
2184 1234 2417 1312 dicunt,
2466 1234 2611 1318 quia
2650 1232 2766 1300 Sa-

545 1355 656 1402 raa
698 1337 941 1415 riserit,
991 1337 1133 1402 ideo
1181 1355 1323 1403 eum
1367 1338 1565 1406 risum
1608 1339 1906 1404 uocatum
1947 1356 2082 1404 esse
2103 1388 2118 1417 ,
2166 1339 2333 1422 quod
2373 1338 2606 1404 falsum
2649 1340 2767 1404 est.

547 1440 659 1506 alii
719 1460 868 1507 uero
939 1439 1104 1526 quod
1163 1442 1374 1507 riserit
1437 1441 1763 1508 Abraham
1780 1492 1795 1521 ,
1866 1441 2033 1526 quod
2099 1443 2164 1506 et
2227 1461 2340 1508 nos
2407 1443 2766 1526 probamus.

544 1548 881 1629 postquam
942 1546 1108 1610 enim
1164 1544 1246 1611 ad
1310 1546 1507 1612 risum
1562 1545 1858 1612 Abrahae
1921 1547 2185 1612 uocatus
2246 1548 2344 1611 est
2400 1545 2569 1611 filius
2631 1547 2767 1612 eius
2804 1550 2881 1603 10

545 1649 756 1726 Isaac,
830 1652 983 1716 tunc
1052 1651 1324 1735 legimus
1396 1650 1611 1716 risisse
1680 1654 1745 1716 et
1810 1649 2047 1716 Saram.
2159 1650 2484 1715 sciendum
2551 1651 2767 1716 tamen

548 1755 712 1839 quod
755 1755 885 1820 IIII
927 1755 996 1819 in
1039 1755 1242 1820 ueteri
1284 1756 1665 1820 testamento
1708 1755 1940 1837 absque
2007 1753 2138 1819 ullo
2197 1753 2509 1820 uelamine
2562 1755 2767 1819 nomi-

547 1859 734 1926 nibus
793 1859 923 1925 suis
996 1862 1142 1925 ante
1205 1879 1392 1942 quam
1459 1861 1870 1924 nascerentur
1892 1909 1907 1937 ,
1966 1859 2178 1924 uocati
2234 1859 2411 1924 sunt:
2471 1857 2766 1937 Ismahel,

546 1965 756 2041 Isaac,
801 1963 1097 2030 Salomon
1143 1965 1208 2029 et
1250 1964 1465 2029 Iosias.
1555 1963 1699 2048 lege
1746 1963 2110 2047 scripturas.

725 2071 807 2132 Et
849 2068 1012 2132 dixit
1071 2073 1132 2132 ei
1183 2069 1426 2132 Festina
1443 2117 1459 2145 ‚
1515 2073 1639 2130 tres
1678 2088 1986 2131 mensurae
2024 2067 2278 2147 farinae
2338 2070 2580 2131 similae
2616 2088 2771 2131 oom-
2804 2071 2879 2126 15

549 2178 747 2237 misce.
841 2172 988 2256 quia
1029 2174 1162 2238 tres
1205 2190 1536 2238 mensurae
1581 2172 1869 2238 absolute
1922 2172 2027 2236 hic
2071 2171 2276 2237 dictae
2315 2170 2610 2237 uidentur
2626 2220 2643 2248 ,
2702 2172 2771 2236 et

553 2277 652 2342 est
733 2277 976 2342 incerta
1035 2295 1362 2354 mensura,
1437 2277 1770 2359 propterea
1838 2274 2052 2341 addidi
2140 2275 2305 2359 quod
2368 2275 2433 2340 in
2499 2274 2769 2340 hebraeo

550 2385 676 2446 tria
723 2386 857 2446 sata
913 2381 1172 2456 habeat,
1230 2380 1296 2444 id
1334 2381 1432 2446 est
1470 2382 1603 2446 tres
1648 2381 2012 2463 amphoras,
2056 2381 2131 2444 ut
2171 2379 2341 2444 idem
2398 2379 2772 2462 mysterium

555 2489 619 2552 et
664 2487 768 2551 hic
809 2489 874 2552 et
916 2486 982 2552 in
1028 2485 1381 2571 euangelio,
1424 2485 1536 2551 ubi
1572 2485 1803 2551 mulier
1850 2485 1973 2551 tria
2015 2487 2152 2551 sata
2194 2484 2570 2550 fermentare
2614 2483 2771 2563 dici-

552 2592 688 2669 tur,
735 2609 1168 2676 agnoscamus.
2359 2628 2365 2633 -
2804 2594 2881 2647 20

730 2696 920 2759 Desit
954 2701 1153 2759 autem
1185 2695 1515 2759 Rem-rtem
1556 2698 1799 2757 ueniam
1844 2695 1923 2757 ad
1965 2699 2023 2757 te
2060 2697 2124 2757 in
2165 2698 2428 2777 tempore
2470 2696 2579 2757 hoc
2610 2698 2670 2757 et
2706 2696 2773 2756 in

553 2803 704 2863 hora
718 2848 737 2876 ‚
806 2804 863 2862 et
919 2801 1153 2863 habebit
1185 2799 1402 2880 filium
1459 2797 1630 2862 Sara.
1734 2816 1847 2880 pro
1899 2797 2054 2862 hora
2115 2797 2319 2862 uitam
2371 2796 2644 2881 legimus
2702 2796 2773 2861 in

555 2903 825 2969 hebraeo
842 2951 859 2982 ,
912 2904 987 2967 ut
1031 2902 1115 2979 sit
1163 2902 1314 2967 ordo
1359 2900 1466 2967 uel
1510 2919 1729 2967 sensus
1763 2901 2072 2966 Reuertar
2114 2901 2194 2965 ad
2238 2902 2304 2966 te
2364 2900 2429 2966 in
2488 2900 2771 2983 tempore

555 3006 753 3073 uitae:
815 3005 994 3090 quasi
1025 3006 1249 3071 dixerit
1337 3004 1405 3071 Si
1446 3005 1660 3070 uixero
1681 3053 1696 3082 ,
1740 3005 1796 3069 si
1838 3004 2028 3070 fuerit
2070 3005 2207 3070 uita
2247 3005 2576 3070 comitata:
2616 3005 2774 3069 haec
2888 3024 2901 3035 ·

557 3111 768 3177 autem
811 3103 1418 3189 ἇνθρωποπαθῶς,
1469 3126 1590 3193 quo
1623 3108 1811 3174 modo
1858 3111 1921 3174 et
1962 3110 2187 3174 cetera.
2810 3117 2886 3173 25

732 3216 901 3278 szit
938 3220 1136 3279 autem
1180 3214 1336 3279 Sara
1373 3218 1436 3277 in
1477 3219 1659 3277 semet
1714 3218 1849 3297 ipsa
1917 3214 2117 3277 dicens
2167 3213 2438 3276 Necdum
2481 3214 2637 3274 mihi
2668 3212 2777 3292 fa—

557 3325 719 3383 ctum
758 3324 845 3383 eat
879 3339 1067 3402 usque
1105 3340 1257 3382 nuno
1270 3367 1288 3397 ,
1333 3322 1393 3381 et
1429 3319 1708 3381 dominus
1742 3339 1911 3381 meus
1948 3338 2129 3381 senex
2167 3322 2270 3380 est.
2346 3315 2531 3380 aliter
2572 3313 2775 3379 multo

557 3421 792 3507 legitur
833 3422 900 3488 in
935 3420 1209 3487 hebraeo
1254 3428 1311 3486 et
1353 3426 1496 3485 risit
1522 3422 1680 3486 Sara
1721 3426 1788 3485 in
1829 3426 2011 3486 semet
2038 3426 2171 3505 ipsa
2221 3421 2420 3485 dicens
2454 3420 2779 3503 Postquam

559 3530 769 3592 attrita
811 3550 946 3591 sum
964 3578 978 3605 ,
1008 3528 1186 3608 facta
1226 3531 1313 3589 est
1353 3529 1513 3589 mihi
1550 3523 1875 3610 uoluptas?
1965 3525 2154 3590 simul
2207 3527 2357 3591 nota
2412 3522 2578 3608 quod
2592 3573 2607 3601 ,
2665 3522 2780 3589 ubi

558 3650 673 3697 nos
727 3630 1048 3715 posuimus
1128 3629 1526 3713 uoluptatem
1540 3679 1556 3708 ,
1632 3630 1775 3693 eden
1842 3630 2148 3713 scriptum
2206 3630 2305 3693 est
2356 3627 2424 3691 in
2488 3628 2781 3694 hebraeo.
2816 3642 2895 3696 30

701 3811 737 3864 3
773 3810 882 3861 Gen
918 3810 1003 3873 17,
1036 3809 1104 3862 17
1150 3809 1160 3873 Ι
1204 3810 1237 3862 5
1277 3809 1387 3859 Gen
1424 3809 1508 3873 17,
1539 3808 1609 3861 19
1650 3806 1660 3874 Ι
1700 3808 1767 3862 15
1807 3808 1916 3858 Gen
1954 3808 2034 3869 18,
2074 3808 2107 3861 6
2168 3806 2177 3873 Ι
2234 3806 2302 3861 19
2336 3806 2504 3856 Matth
2540 3806 2625 3869 13,
2659 3805 2730 3860 33
2771 3804 2780 3874 Ι

562 3898 632 3952 21
670 3899 780 3948 Gen
815 3897 900 3959 18,
940 3895 1008 3950 10
1037 3895 1046 3964 Ι
1076 3895 1147 3949 26
1184 3896 1293 3945 Gen
1332 3894 1416 3956 18,
1456 3893 1522 3947 12

704 4061 735 4114 1
773 4074 889 4109 sara
912 4076 957 4127 φ
987 4055 999 4125 Ι
1027 4056 1064 4111 4
1099 4059 1152 4107 et
1182 4071 1329 4107 saraa
1363 4061 1452 4123 βγ,
1482 4058 1534 4106 et
1571 4055 1616 4105 si
1653 4070 1769 4105 sara
1803 4073 1848 4124 φ
1877 4056 1887 4121 Ι
1920 4054 1952 4108 5
1986 4070 2134 4121 ysaac
2158 4060 2249 4122 βγ,
2286 4055 2399 4105 inae
2424 4072 2469 4123 φ
2499 4053 2508 4120 Ι
2540 4053 2629 4115 718
2670 4070 2789 4105 sara

565 4165 610 4215 φ
651 4146 662 4210 Ι
709 4144 775 4199 11
811 4160 974 4195 saram
1004 4148 1125 4213 βγφ
1170 4142 1179 4209 Ι
1222 4143 1289 4196 11
1325 4147 1495 4193 tamen
1529 4146 1619 4207 βγ,
1659 4145 1828 4192 autem
1862 4158 1907 4210 φ
1950 4139 1958 4207 Ι
2002 4140 2072 4195 14
2104 4136 2277 4213 ἰεεαξθ
2316 4158 2361 4210 φ
2402 4140 2413 4203 Ι
2454 4137 2519 4193 14
2556 4139 2789 4190 salamon

564 4251 610 4301 φ
663 4232 673 4298 Ι
720 4230 790 4287 20
842 4244 1204 4295 cognoscamus
1241 4248 1285 4299 φ
1332 4228 1342 4294 Ι
1395 4228 1558 4293 21s22
1608 4232 1661 4277 et
1706 4228 1763 4277 in
1813 4228 1943 4278 hora
1987 4232 2093 4294 βγ,
2134 4227 2191 4276 iu
2233 4228 2359 4277 hore
2395 4225 2480 4296 φΙ
2522 4224 2593 4279 22
2627 4227 2788 4277 habe-

565 4318 644 4368 bit
698 4312 858 4369 filium
907 4330 1024 4366 sara
1072 4332 1109 4383 y
1125 4351 1138 4376 ‚
1208 4315 1395 4365 habebi
1440 4314 1603 4365 filium
1652 4328 1819 4364 saram
1861 4333 1905 4383 φ
1920 4349 1935 4375 ,
2010 4311 2220 4362 habebit
2266 4328 2412 4363 saraa
2461 4312 2625 4362 fllium
2677 4317 2714 4378 β
2776 4310 2785 4381 Ι

565 4403 638 4457 28
671 4418 813 4453 sam
843 4420 888 4470 φ
918 4400 927 4467 Ι
958 4402 1028 4456 30
1064 4400 1206 4451 edem
1244 4404 1320 4469 βγ
