3169 4941
545 390 616 451 50

542 562 698 641 bum
753 562 1122 631 hebraicum
1177 568 1346 629 moni
1406 580 1739 629 numerum
1796 559 2005 647 magis
2064 577 2253 642 quam
2308 578 2506 645 agnos
2562 559 2764 624 sonet.
2803 561 2835 617 1

545 666 808 750 denique
883 668 950 734 et
1017 686 1091 733 ex
1157 667 1679 751 consequentibus
1742 666 1847 732 hic
1914 662 2119 748 magis
2174 682 2395 730 sensus
2460 661 2767 747 probatur

545 771 712 856 quod
769 789 882 854 per
925 770 1206 855 singulos
1251 768 1460 837 foetus
1515 788 1763 853 semper
1805 768 2023 835 Laban
2069 766 2501 833 condicionem
2552 767 2773 831 muta-

543 874 729 941 uerit.
787 931 796 939 .
833 874 890 940 si
935 873 1194 940 uidebat
1233 874 1483 941 uarium
1537 874 1715 939 nasci
1770 890 1963 956 pecus
1980 920 1996 951 ‚
2055 872 2201 956 post
2238 870 2483 937 foetum
2518 868 2771 935 dicebat

543 978 706 1045 Uolo
750 979 825 1045 ut
866 977 933 1043 in
973 978 1260 1045 futurum
1303 978 1462 1043 mihi
1503 976 1683 1043 uaria
1725 978 2086 1043 nascantur.
2187 993 2440 1041 rursum
2480 992 2625 1040 cum
2665 972 2766 1037 ui-
2802 980 2841 1035 5

547 1079 744 1149 disset
799 1080 986 1150 unius
1041 1082 1268 1149 coloris
1325 1082 1502 1149 nasci
1561 1099 1793 1165 pecora
1844 1080 2070 1164 (Iacob
2120 1079 2346 1164 quippe
2388 1078 2509 1143 hoc
2554 1074 2767 1143 audito

543 1184 760 1271 uirgas
811 1186 880 1251 in
929 1186 1252 1253 canalibus
1297 1203 1424 1250 non
1467 1184 1781 1269 ponebat)
1826 1182 2075 1249 dicebat
2130 1185 2204 1248 ut
2258 1181 2506 1248 futuros
2562 1180 2769 1247 foetus

545 1290 734 1357 unius
779 1290 1010 1357 coloris
1049 1290 1168 1357 sibi
1209 1308 1438 1374 pecora
1479 1289 1902 1373 procrearent.
1994 1290 2060 1353 et
2103 1286 2252 1369 quid
2295 1286 2526 1369 plura?
2570 1302 2769 1368 usque

547 1392 630 1461 ad
671 1393 846 1460 uices
885 1394 1104 1459 decem
1145 1412 1391 1477 semper
1433 1412 1470 1459 a
1510 1393 1727 1460 Laban
1769 1390 2015 1476 pecoris
2056 1390 2155 1457 sui
2210 1390 2343 1455 siue
2386 1388 2577 1455 Iacob
2626 1408 2769 1454 mu-

547 1497 686 1564 tata
719 1496 1002 1564 condicio
1035 1498 1152 1565 est.
1243 1500 1310 1565 et
1353 1496 1787 1580 quodcumque
1824 1495 1941 1561 sibi
1982 1496 2390 1578 proposuerat
2429 1494 2505 1558 ut
2546 1492 2770 1557 'nasce-
2808 1503 2880 1555 10

549 1602 748 1679 retur,
805 1600 873 1665 in
921 1600 1194 1669 colorem
1242 1602 1631 1668 contrarium
1686 1599 2069 1666 uertebatur.
2172 1616 2251 1663 ne
2298 1598 2399 1665 cui
2445 1599 2656 1663 autem
2702 1596 2771 1660 in

550 1712 660 1773 sex
701 1704 880 1770 annis
939 1705 1160 1771 decem
1201 1704 1486 1789 pariendi
1531 1705 1703 1771 uices
1753 1702 2153 1770 incredibiles
2194 1702 2531 1768 uideantur
2548 1749 2565 1780 ‚
2628 1698 2771 1784 lege

551 1807 936 1893 Uergilium,
977 1810 1044 1875 in
1089 1828 1212 1894 quo
1243 1809 1472 1876 dicitur
1497 1799 1595 1874 bis'
1613 1810 1911 1893 ¹qrauidae
1950 1808 2219 1892 pecudes.
2293 1807 2521 1871 natura
2560 1805 2773 1869 autem

551 1911 914 1979 italicarum
953 1914 1169 1980 ouium
1213 1916 1278 1979 et
1320 1911 1815 1996 Mesopotamiae
1860 1930 1989 1977 una
2035 1930 2172 1977 esse
2218 1909 2510 1976 traditur.

727 2018 812 2081 Et
857 2017 1082 2099 furata
1123 2022 1212 2081 est
1252 2020 1485 2081 Rachel
1537 2018 1705 2081 idola
1736 2021 1942 2101 patris
1996 2020 2110 2080 sui.
2214 2014 2326 2080 ubi
2384 2032 2551 2079 nunc
2603 2008 2774 2077 idola
2792 2007 2880 2099 ⁸15

551 2118 858 2205 legimn8‚
927 2118 994 2185 in
1065 2119 1336 2187 hebraeo
1407 2121 1684 2192 ther-afim
1754 2121 2061 2203 scriptum
2122 2120 2249 2198 est,
2320 2137 2481 2202 quae
2539 2116 2777 2201 Aquila

550 2215 994 2309 μορφώματα,
1055 2224 1122 2291 id
1165 2226 1264 2290 est
1299 2223 1535 2309 figuras
1576 2223 1685 2289 uel
1732 2223 2041 2309 imagines
2087 2222 2553 2308 interpretatur.
2653 2220 2774 2284 hoc

555 2328 770 2394 autem
825 2326 968 2394 ideo
985 2376 1002 2407 ‚
1092 2329 1168 2395 nt
1225 2327 1496 2395 sciamus
1555 2326 1707 2413 quid
1775 2328 1844 2394 in
1918 2327 2199 2395 iudicum
2263 2326 2426 2393 libro
2500 2324 2776 2404 therarim

557 2432 754 2500 sonet.

730 2537 814 2600 Et
869 2539 1154 2600 transiuit
1191 2535 1474 2618 fluuium
1535 2541 1593 2602 et
1646 2540 1813 2600 uenit
1866 2523 1933 2600 iit
1983 2539 2236 2600 montem
2293 2531 2553 2600 Galaad.
2650 2547 2779 2596 non
2811 2532 2885 2586 20

555 2635 724 2722 quod
779 2656 852 2704 eo
910 2639 1193 2723 tempore
1240 2638 1483 2706 Galaad
1541 2657 1724 2706 mons
1780 2637 2125 2717 diceretur,
2204 2637 2315 2704 sed
2377 2655 2489 2722 per
2550 2633 2778 2700 antici-

553 2741 906 2826 pationem,
962 2743 1038 2809 ut
1079 2740 1439 2828 frequenter
1485 2737 1783 2824 diximuS,
1836 2741 1948 2809 illo
2001 2742 2265 2809 uocatur
2322 2739 2571 2808 nomine
2586 2790 2603 2821 ‚
2655 2757 2779 2823 quo

553 2847 776 2932 postea
819 2848 1218 2931 nuncupatus
1261 2849 1375 2914 est.

727 2953 811 3017 Et
869 2955 1123 3016 mutasti
1182 2953 1511 3017 mercedem
1566 2973 1762 3016 meam
1820 2951 2019 3016 decem
2076 2955 2265 3034 aynie.
2380 2945 2551 3014 idem
2606 2964 2781 3013 error

558 3053 664 3137 qui
709 3072 931 3138 supra:
979 3073 1278 3120 numerus
1326 3055 1494 3120 enim
1533 3072 1647 3138 pro
1694 3054 1875 3138 agnis
1918 3043 2227 3137 legendus
2270 3053 2385 3118 est.
2813 3053 2885 3108 25

729 3159 813 3222 Et
855 3141 1016 3222 dizit
1057 3161 1230 3222 Iacob
1269 3159 1591 3240 fratribus
1632 3163 1762 3222 suis
1804 3159 2178 3244 Colliyamus
2220 3158 2468 3242 lapides.
2552 3161 2611 3220 et
2650 3177 2783 3219 con-

550 3265 819 3345 yreyatis
877 3263 1186 3346 lapidibus
1227 3263 1513 3344 fecerunt
1553 3284 1839 3328 aceruum
1882 3268 1941 3328 et
1982 3263 2375 3326 comederunt.
2400 3281 2582 3344 super
2624 3280 2782 3338 eum,

557 3370 616 3430 et
665 3370 908 3431 uocauit
967 3368 1150 3430 illum
1206 3366 1418 3432 Laban
1478 3388 1735 3432 aceruus
1788 3370 2143 3444 testimonii,
2198 3370 2256 3429 et
2306 3367 2482 3430 Iacob
2538 3367 2783 3428 uocauit

553 3469 736 3534 illum
790 3490 1046 3534 aceruus·
1111 3475 1291 3536 testis.
1413 3488 1679 3536 aceruus
1748 3468 1969 3554 lingua
2022 3468 2297 3535 hebraea
2348 3470 2458 3552 yal
2530 3465 2779 3546 dicitur,

557 3573 675 3636 aad
730 3590 880 3638 uero
943 3572 1395 3650 testimonium.
1511 3593 1761 3640 rursum
1817 3573 2037 3657 lingua
2094 3591 2241 3656 syra
2309 3588 2571 3636 aceruus
2639 3576 2781 3653 ἐραν
2813 3581 2890 3638 30

557 3673 928 3762 appellatur,
976 3680 1226 3743 sedutha
1266 3673 1725 3745 testimonium:
1780 3673 1971 3743 Iacob
2016 3674 2211 3760 igitur
2254 3693 2551 3741 aceruum
2594 3673 2778 3738 testi-

664 3839 732 3892 13
770 3839 911 3904 Uerg
949 3856 1109 3906 georg·
1132 3847 1169 3908 β
1193 3841 1296 3895 150
1327 3839 1336 3910 Ι
1371 3839 1438 3896 15
1461 3842 1572 3893 Gen
1596 3841 1683 3906 31,
1709 3840 1775 3896 19
1807 3838 1814 3909 Ι
1850 3839 1916 3895 18
1942 3839 2039 3891 Iud
2076 3839 2158 3904 17,
2194 3837 2230 3894 5
2258 3839 2269 3907 Ι
2298 3840 2370 3894 20
2406 3839 2517 3891 Gen
2551 3837 2639 3903 31,
2672 3835 2738 3892 21
2765 3833 2773 3906 Ι

556 3923 628 3981 24
665 3927 774 3976 Gen
808 3925 894 3990 31,
931 3924 998 3980 41
1032 3925 1040 3992 Ι
1071 3927 1142 3982 26
1179 3927 1288 3979 Gen
1323 3927 1409 3990 31,
1441 3929 1512 3982 46
1549 3928 1618 3981 47

699 4059 733 4114 2
763 4061 884 4112 hinc
918 4066 992 4130 βγ
1023 4060 1030 4129 Ι
1064 4061 1097 4116 5
1131 4061 1302 4112 futuro
1339 4081 1383 4132 φ
1413 4061 1423 4130 Ι
1456 4063 1522 4116 12
1557 4063 1857 4114 incredibile
1898 4061 2131 4114 uideatur
2166 4080 2212 4132 φ
2241 4059 2251 4129 Ι
2285 4060 2351 4115 13
2388 4059 2653 4125 Uirgilium
2665 4065 2739 4128 βγ
2768 4057 2775 4129 Ι

561 4143 628 4198 13
659 4145 785 4196 dicit
823 4147 966 4198 urbis
1002 4147 1242 4212 grauidae
1281 4166 1327 4217 φ
1357 4146 1367 4216 Ι
1396 4147 1464 4202 21
1503 4165 1603 4215 quo
1643 4168 1689 4220 φ
1720 4150 1729 4213 Ι
1760 4148 1829 4202 23
1864 4147 2232 4214 nuncupandus
2258 4165 2303 4217 φ
2333 4147 2343 4214 Ι
2374 4146 2444 4202 25
2486 4151 2566 4197 est
2606 4154 2673 4204 >
2694 4163 2739 4215 φ
2762 4142 2775 4214 Ι

558 4226 648 4363 28(1
665 4245 902 4282 aceruum
941 4251 986 4302 φ
1047 4234 1058 4298 Ι
1123 4232 1191 4286 29
1231 4233 1322 4298 gai
1372 4253 1417 4304 φ
1483 4232 1493 4302 Ι
1559 4233 1626 4288 31
1670 4235 1855 4286 seduth
1902 4234 2249 4288 testimonium
2282 4237 2357 4302 βγ
2370 4269 2387 4296 ,
2434 4231 2781 4284 testimonium

561 4329 614 4363 se
649 4316 775 4364 utha
807 4335 851 4384 φ
