3169 4941
504 398 607 457 108
1248 398 1254 404 ’
1371 395 1599 453 Genesis
1633 396 1721 452 27.
1763 396 1851 453 28.

501 552 696 627 αὐτοῦ
732 550 1214 646 Ἐγγισάτωσαν
1250 554 1322 625 αἱ
1359 554 1595 647 ἡμέραι
1633 561 1747 626 τοῦ
1786 557 2084 637 πένθους
2119 561 2235 624 τοῦ
2274 553 2529 647 πατρός
2581 584 2722 643 μου,
2764 576 2787 622 1

500 666 606 731 ἵνα
667 656 1036 731 ἀποκτείνω
1087 653 1330 748 Ἰακώβ
1403 660 1517 730 τὸν
1575 654 1857 751 ἀδελφόν
1915 686 2057 747 μου.
2183 666 2244 705 42
2262 654 2591 752 ἀπηγγέλη
2652 664 2725 731 δὲ

492 765 786 856 Ῥεβέκκιι
832 766 915 834 τὰ
968 762 1218 856 ῥήματα
1256 758 1461 834 Ἠσαῢ
1502 772 1618 834 τοῦ
1660 762 1801 833 υἱοῦ
1845 757 2041 855 αὐτῆς
2091 771 2211 835 τοῦ
2254 767 2723 856 πρεσβυτέρου·

501 870 614 938 καὶ
655 869 987 960 πέμψασα
1032 865 1330 938 ἐκάλεσεν
1364 863 1608 956 Ἰακώβ
1664 868 1778 939 τὸν
1834 866 1975 939 υἱὸν
2012 862 2207 961 αὐτῆς
2260 872 2373 940 τὸν
2424 871 2726 958 νεώτερον

501 975 615 1043 καὶ
655 968 843 1042 εἶπεν
884 966 1060 1065 αὐτῷ
1105 968 1278 1043 Ἰδοὺ
1317 966 1525 1043 Ἠσαῦ
1561 971 1598 1044 ὃ
1647 966 1932 1063 α’ὄελφός
1986 996 2103 1041 σου
2162 966 2424 1043 ἀπειλεῖ
2465 998 2573 1043 σοι
2614 980 2729 1044 τοῢ
2762 994 2793 1039 5

501 1072 896 1147 α’ποκτεῖναί
939 1102 1032 1147 σε.
1130 1082 1308 1147 43νῦν
1353 1073 1490 1162 οὖν,
1538 1079 1761 1147 τέκνον
1777 1131 1794 1162 ,
1840 1074 2115 1147 ἅκουσόν
2160 1104 2285 1164 μου
2330 1084 2446 1169 τῆς
2492 1084 2725 1171 φωνῆς,

501 1182 615 1251 καὶ
658 1175 941 1262 ἀναστὰς
981 1174 1327 1272 ἇπόδραθι
1373 1180 1469 1262 εἷς
1524 1182 1638 1273 τὴν
1682 1180 2206 1268 Μεσοποταμίαν
2265 1183 2435 1272 πρὸς
2476 1180 2725 1271 Λάβαν

500 1287 614 1357 τὸν
675 1280 957 1376 ἀδελφόν
1019 1312 1144 1373 μου
1200 1284 1295 1367 εἷς
1356 1286 1645 1410 Χαρράν.
1761 1287 1946 1355 “aaa
2016 1283 2279 1376 οἴκησον
2338 1289 2473 1372 μετ’
2536 1280 2730 1357 αὗτοῢ

501 1389 741 1518 ἡμέρας
797 1390 980 1472 τινὰς
1069 1392 1169 1434 ‘⁵‘
1143 1390 1266 1470 έως
1325 1397 1439 1459 τοῦ
1500 1383 1929 1480 ἀποστρέψαι
1986 1390 2101 1461 τὸν
2170 1389 2385 1477 θυμόν
2448 1392 2561 1460 καὶ
2616 1392 2730 1482 τὴν

501 1486 694 1585 ὀργὴν
724 1500 840 1563 τοῦ
871 1487 1156 1584 ἀδελφοῦ
1197 1518 1311 1563 σου
1355 1488 1495 1564 απὸ
1541 1501 1690 1579 σοῦ,
1737 1496 1850 1563 καὶ
1886 1492 2321 1585 ἐπιλάθηται,
2366 1490 2409 1563 ἃ
2438 1494 2729 1586 πεποίη-
2770 1513 2833 1559 10

504 1626 625 1679 κας
665 1591 868 1689 αὐτῷ·
927 1600 1040 1668 καὶ
1082 1592 1535 1667 αποστείλασα
1574 1598 2101 1690 μεταπέμψομαί
2143 1625 2217 1668 σε
2262 1600 2557 1685 ἐκεῖθεν,
2603 1597 2730 1691 μή-

503 1729 670 1771 ποτε
713 1696 1168 1771 αποτεκνωθῶ
1210 1696 1350 1773 απὸ
1371 1710 1526 1771 τῶν
1561 1699 1679 1771 δύο
1720 1702 1901 1788 ὑμῶν
1945 1731 2015 1773 εν
2058 1702 2265 1794 ἥμέρᾳ
2301 1709 2440 1794 μιᾷ.
2506 1696 2731 1772 4θεῖπε

505 1807 578 1875 δὲ
613 1805 918 1894 Ῥεβέκκα
973 1807 1142 1898 πρὸς
1199 1801 1414 1875 Ἰσαὰκ
1465 1804 1911 1895 Προσώχθικα
1964 1815 2046 1898 τῇ
2105 1809 2232 1898 ζωῇ
2296 1832 2421 1893 μου
2464 1808 2573 1875 διὰ
2614 1807 2733 1887 τὰς

505 1911 871 2000 θυγατέρας
924 1918 1054 1979 τῶν
1112 1909 1270 1979 υἱῶν
1313 1911 1453 1979 Χέτ
1469 1936 1482 1949 ·
1537 1909 1597 1979 εἶ
1656 1911 1939 2001 λήψεται
1994 1902 2223 1999 Ἰακώβ
2277 1917 2545 1999 γυναῖκα
2588 1904 2729 1981 dm}

383 2022 474 2090 28
506 2022 634 2083 τῶν
677 2015 1053 2105 θυγατέρων
1099 2023 1214 2106 τῆς
1256 2021 1373 2106 γῆς
1397 2011 1659 2105 ταύτης,
1708 2016 1817 2083 ἵνα
1855 2013 1926 2082 τί
1951 2038 2066 2100 μοι
2094 2014 2171 2085 τὸ
2204 2017 2347 2105 ζῆν,·
2400 2022 2733 2105 1προσκοι-
2774 2038 2835 2083 15

506 2116 851 2205 λεσάμενος
891 2120 966 2188 δὲ
1018 2113 1235 2189 Ἰσαὰκ
1277 2120 1389 2190 τὸν
1434 2114 1663 2206 Ἰακώβ
1713 2112 2050 2214 εὐλόγησεν
2081 2114 2275 2189 αὐτόν
2289 2175 2307 2206 ,
2354 2120 2466 2189 καὶ
2496 2119 2735 2188 ἐνετεί-

506 2227 666 2291 λατο
724 2217 900 2313 αὐτῷ
957 2223 1158 2311 λέγων
1211 2218 1304 2293 Οὖ
1361 2220 1542 2314 λήψῃ
1595 2229 1861 2311 γυναῖκα
1908 2225 1981 2293 ἐκ
2020 2231 2149 2292 τῶν
2190 2224 2565 2314 θυγατέρων
2608 2230 2736 2291 τῶν

509 2325 911 2396 Χαναναίων.
1011 2322 1340 2409 2οῗναστιῖες
1383 2320 1729 2418 ἇπόδραθι
1773 2325 1869 2409 εἷς
1908 2329 2023 2419 τὴν
2069 2326 2597 2415 Ιηεσοποταμίαν
2640 2327 2735 2409 εἶς

505 2431 616 2503 τὸν
673 2426 856 2502 οἶκον
895 2435 1208 2525 Βαθουὴλ
1261 2438 1378 2502 τοῦ
1421 2431 1673 2522 πατρὸς
1729 2438 1843 2524 τῆς
1903 2428 2144 2524 μητρός
2190 2456 2308 2502 σου
2324 2487 2341 2518 ,
2418 2432 2531 2503 καὶ
2571 2432 2735 2521 λα’βε

507 2544 761 2628 σεαυτῷ
804 2535 1062 2606 ἐκεῖθεν
1101 2543 1367 2626 γυναῖκα
1413 2537 1486 2606 ἐκ
1525 2542 1657 2604 τῶν
1700 2539 2075 2627 θυγατέρων
2103 2537 2351 2625 Λάβαν
2393 2562 2477 2606 το
2504 2531 2736 2605 &cidest-
2770 2565 2837 2612 20

507 2647 636 2733 φοῢ
696 2647 812 2731 τῆς
870 2637 1112 2732 μητρός
1169 2666 1302 2710 σου.
1397 2639 1474 2710 ⁸6
1543 2641 1617 2709 δὲ
1678 2640 1842 2721 θεός
1900 2667 2025 2727 μου
2083 2635 2423 2734 εὖλογήσαι
2486 2665 2561 2709 σε
2620 2643 2734 2711 καὶ

507 2739 778 2837 αὖξήσαι
823 2768 899 2813 σε
942 2745 1070 2814 καὶ
1103 2741 1437 2835 πληθύναι
1484 2767 1560 2812 σε
1571 2798 1589 2828 ,
1634 2745 1748 2813 καὶ
1796 2742 1913 2835 ἔσῃ
1948 2743 2044 2826 εἰς
2087 2746 2461 2834 συναγωγὰς
2502 2746 2732 2815 ἐθνῶν.

651 2955 681 3008 1
719 2974 752 3006 υ
790 2953 1019 3008 alterum
1053 2951 1201 3006 uocis
1241 2972 1412 3005 avwv
1446 2953 1504 3007 in
1539 2967 1728 3006 rasura
1761 2951 1842 3009 A.
1883 2961 2144 3012 αυτου>
2166 2951 2294 3007 Emt
2323 2955 2333 3019 Ι
2367 2954 2395 3007 l
2422 2959 2644 3012 παθους
2666 2971 2696 3008 Ζ
2723 2953 2733 3024 Ι

506 3042 542 3095 2
580 3058 861 3093 αποκτινω
897 3038 942 3091 Ε
989 3039 998 3104 Ι
1047 3039 1082 3092 2
1117 3040 1458 3109 απηγγειλεν
1496 3038 1568 3103 Ε,
1615 3041 1937 3108 απηγγελλη
1976 3040 2031 3103 13,
2069 3038 2379 3109 απηγγελει
2420 3057 2449 3091 Ζ
2490 3039 2501 3106 Ι
2543 3039 2577 3094 3
2613 3042 2740 3109 post

508 3145 730 3198 ρημαῐα
772 3129 833 3190 -Ι-
869 3143 1041 3179 wavra
1076 3140 1132 3178 m
1173 3125 1310 3193 [t=
1335 3124 1389 3194 b]
1446 3125 1456 3194 Ι
1508 3125 1544 3179 4
1582 3129 1811 3179 εκαλεσε
1848 3128 2011 3179 mt²z
2066 3127 2074 3194 Ι
2135 3125 2171 3179 4
2207 3132 2385 3194 ιακωβ
2424 3135 2492 3185 >
2527 3127 2684 3180 Emtz
2724 3129 2731 3197 Ι

504 3213 541 3268 4
576 3214 703 3280 post
739 3212 982 3281 αυτης-Ι-
1006 3229 1108 3265 τον
1132 3217 1307 3278 ιακωβ
1339 3228 1369 3265 Ζ
1399 3213 1410 3276 Ι
1439 3212 1474 3266 5
1512 3214 1826 3265 απειλειται
1860 3211 1904 3264 Ε
1923 3251 1937 3276 ,
1977 3216 2270 3279 απηλειται
2290 3227 2345 3277 ο,
2384 3216 2585 3281 απειλη
2610 3230 2695 3268 mz
2723 3212 2732 3283 Ι

507 3299 596 3368 516
637 3297 833 3364 „schol
871 3299 1180 3351 διανοειται
1215 3316 1353 3350 κατα
1389 3300 1533 3350 σου“
1567 3296 1603 3351 b
1649 3298 1657 3365 Ι
1700 3299 1735 3352 6
1777 3299 1903 3352 anto
1938 3315 2135 3352 τεκνον
2173 3299 2238 3366 -Ι-
2277 3296 2320 3352 ὦ
2356 3314 2385 3352 c
2414 3299 2424 3368 Ι
2457 3299 2488 3352 7
2526 3317 2605 3360 εις
2637 3319 2736 3366 την

506 3400 949 3457 μεσοποταμιαν
979 3393 1048 3443 >
1080 3383 1124 3436 Ε
1178 3387 1188 3450 Ι
1240 3383 1272 3437 7
1311 3401 1418 3450 την,
1447 3392 1514 3442 >
1550 3400 1635 3438 mz
1664 3383 1697 3455 Ι
1752 3384 1785 3437 9
1822 3385 1942 3454 τοὺ]
1986 3405 2053 3438 ου
2090 3401 2145 3437 m
2184 3385 2233 3456 [t
2255 3409 2323 3428 =
2346 3384 2407 3455 b]
2457 3386 2464 3454 Ι
2519 3386 2585 3441 10
2610 3403 2735 3439 επι-

509 3475 712 3539 λαθητε
751 3488 781 3525 Ζ
826 3471 833 3538 Ι
880 3469 946 3523 11
983 3480 1442 3541 μεταπεμψωμαι
1475 3468 1520 3522 Ε
1553 3473 1561 3538 Ι
1610 3469 1675 3524 12
1714 3476 2007 3524 ατεκνωθω
2042 3471 2141 3524 AD
2170 3471 2288 3542 [an
2318 3470 2409 3542 99]
2436 3473 2615 3540 amty,
2652 3489 2737 3525 κε-

507 3563 672 3611 νωθω
695 3557 770 3620 Ε,
807 3561 1172 3609 αποτεκνοθω
1209 3573 1236 3607 Ζ
1267 3558 1277 3620 Ι
1311 3555 1378 3609 12
1412 3573 1574 3627 ημων
1608 3555 1773 3610 editio
1808 3573 2030 3614 romana
2054 3559 2110 3611 et
2131 3557 2213 3622 D,
2250 3577 2409 3628 υμων
2432 3557 2699 3612 AEaemtz
2728 3557 2737 3628 Ι

511 3643 577 3696 12
613 3660 691 3702 εις
723 3658 936 3714 ημεραν
966 3660 1109 3713 μιαν
1145 3641 1190 3694 Ε
1239 3641 1248 3711 Ι
1290 3642 1358 3695 12
1389 3659 1545 3696 ειπεν
1577 3641 1700 3696 AEt
1714 3647 1737 3678 ¹'
1780 3646 1789 3709 Ι
1841 3644 1908 3698 13
1948 3643 2114 3716 προς]
2150 3663 2223 3698 τω
2259 3644 2303 3696 Ε
2360 3645 2368 3712 Ι
2417 3645 2483 3698 13
2520 3662 2739 3718 προσο-

501 3736 713 3799 χθεικα
756 3726 805 3781 Α
852 3727 973 3798 [sed
1020 3743 1076 3781 ικ
1121 3743 1264 3782 nunc
1312 3729 1620 3798 euanidae]‚
1672 3735 2046 3802 προσωχθισα
2094 3731 2144 3783 D
2186 3729 2299 3800 [GR]
2352 3733 2460 3794 mt,
2520 3746 2739 3800 προσω-

499 3822 698 3886 χθησα
733 3815 780 3869 Ε
803 3855 816 3868 .
869 3813 1111 3884 „Aquila
1155 3828 1452 3883 εσικχανα,
1496 3814 1847 3884 Symmachus
1883 3818 2238 3882 ενεκακησα“
2273 3815 2307 3870 b
2352 3819 2361 3882 Ι
2415 3817 2483 3871 14
2519 3819 2736 3888 λημψε-

507 3921 599 3955 ται
635 3901 808 3968 ADE,
847 3905 1110 3971 ληψωμαι
1149 3915 1178 3954 c
1232 3902 1242 3970 Ι
1303 3901 1368 3955 14
1403 3919 1647 3970 γυναικα
1681 3912 1750 3961 >
1788 3901 1864 3965 Ε,
1902 3901 2017 3956 eius
2048 3901 2165 3957 loco
2204 3891 2313 3956 ὦδε
2351 3919 2381 3958 Ζ
2425 3904 2434 3972 Ι
2481 3903 2545 3958 15
2572 3921 2635 3955 το
2670 3911 2740 3962 >

507 3989 835 4058 ADEamtyz
900 3987 909 4054 Ι
973 3988 1040 4042 16
1081 3990 1388 4056 ηυλογησεν
1422 3985 1467 4038 Ε
1535 3989 1543 4054 Ι
1612 3988 1679 4040 17
1735 4007 1881 4057 αυτ-ῳ
1918 3996 1985 4046 >
2022 3988 2096 4041 ΕΖ
2150 3989 2161 4057 Ι
2216 3990 2283 4042 17
2333 3991 2527 4060 λημψη
2578 3987 2739 4053 ΑΒΕ,

510 4079 674 4144 ληψει
714 4093 742 4128 Ζ
816 4077 826 4142 Ι
892 4073 958 4127 17
999 4091 1059 4126 εκ
1095 4072 1349 4137 Aabcmt‚
1391 4092 1506 4126 απο
1542 4073 1593 4127 D
1622 4072 1737 4143 [GR]
1774 4072 1848 4126 ΕΖ
1898 4075 1907 4140 Ι
1959 4073 2117 4142 17118
2160 4093 2270 4129 των
2301 4093 2629 4144 χαναναιων
2658 4074 2740 4139 bc,

503 4179 728 4229 χανααν
765 4159 1090 4229 ADEamtyz
1121 4161 1130 4228 Ι
1164 4162 1232 4216 18
1265 4162 1392 4214 ante
1427 4177 1504 4219 εις
1535 4160 1767 4214 alterum
1807 4160 1872 4227 -Ι-
1914 4177 2104 4232 συριας
2138 4157 2215 4214 ΑΖ
2261 4161 2269 4229 Ι
2321 4160 2385 4214 19
2425 4181 2527 4214 του
2565 4171 2633 4221 >
2672 4160 2736 4231 οΙ

510 4246 586 4299 20
613 4261 847 4300 σεαυτου
885 4246 931 4299 Ε
986 4250 995 4312 Ι
1048 4249 1120 4302 20
1155 4253 1375 4300 εκειθεν
1404 4255 1474 4306 >
1511 4246 1588 4300 Εο
1638 4248 1647 4315 Ι
1700 4246 1767 4299 21
1806 4248 1931 4315 post
1968 4261 2033 4300 σε
2069 4247 2134 4314 -Ι-
2172 4263 2365 4300 τεκνον
2401 4262 2429 4300 c
2482 4249 2492 4313 Ι
2546 4247 2615 4300 22
2647 4268 2741 4301 και

512 4332 796 4396 πληθυναι
832 4349 894 4385 σε
931 4331 977 4384 Ε
1018 4334 1144 4387 ante
1189 4351 1283 4385 και
1323 4335 1556 4398 αυξησαι
1596 4345 1686 4397 σε,
1736 4330 1933 4386 absunt
1966 4347 2001 4385 a
2036 4333 2394 4400 complutensi
2436 4333 2444 4402 Ι
2489 4333 2561 4388 22
2596 4335 2741 4400 πλη-

513 4419 688 4482 θῆναι
723 4433 751 4468 Ζ
782 4419 793 4483 Ι
822 4417 893 4470 22
928 4433 1289 4487 συναιγωγας
1321 4434 1378 4471 m
1415 4416 1719 4488 [antiquam
1755 4438 1792 4470 α
1825 4417 2053 4473 formam
2086 4419 2238 4490 noui]
