3169 4941
589 423 662 482 44

589 587 656 652 id
689 590 785 654 est
817 587 1072 654 domum
1113 589 1243 654 dei:
1281 594 1391 674 qui
1431 594 1599 656 locus
1632 595 1959 662 uocabatur
2002 598 2137 657 ante
2166 593 2357 671 Lazo,
2404 592 2569 677 quod
2612 592 2819 658 inter·
2864 601 2895 654 1

592 694 878 775 pretatur
921 713 1046 758 nux
1093 694 1224 758 siue
1270 687 1649 778 ἀμύγδαλον.
1738 696 1905 762 unde
1948 695 2208 763 ridicule
2252 697 2507 779 quidam
2548 698 2823 764 uerbum

590 797 958 862 hebraicum
1019 801 1183 863 ulam
1235 818 1461 864 nomen
1509 819 1646 865 esse
1686 801 1859 866 urbis
1901 803 2157 885 putant,
2216 820 2361 866 cum
2404 804 2572 866 ulam
2614 802 2819 868 inter·

588 903 874 983 pretetur
911 902 1103 986 prius,
1216 903 1365 968 ordo
1418 902 1631 988 itaque
1672 904 1792 969 iste
1834 906 1932 970 est
1974 903 2267 970 lectionis
2312 911 2368 970 et
2418 911 2658 971 uocauit
2704 931 2815 972 no-
2930 937 2935 940 ·

588 1027 720 1069 men
792 1008 914 1070 loci
979 1009 1156 1070 illius
1211 1009 1426 1071 Bethel
1439 1059 1456 1086 ‚
1530 1013 1587 1072 et
1638 1014 1824 1093 prius
1880 1010 2055 1074 Luza
2110 1012 2469 1074 uocabulum
2526 1015 2811 1076 ciuitatis,
2848 1007 2887 1062 5

589 1111 886 1195 antiquae
959 1129 1174 1176 omncs
1256 1112 1602 1196 scripturae
1664 1112 1859 1178 uerbo
1920 1115 2087 1177 ulam
2169 1113 2303 1177 siue
2368 1117 2519 1178 elem
2588 1114 2814 1198 plenae

589 1217 765 1292 sunt,
847 1214 1011 1299 quod
1082 1215 1241 1280 nihil
1301 1214 1473 1280 aliud
1531 1217 1849 1300 significat
1920 1217 2043 1282 nisi
2098 1219 2243 1284 ante
2300 1219 2412 1282 aut
2470 1218 2645 1302 prius
2706 1220 2816 1284 uel

589 1319 973 1385 uestibulum
1017 1320 1152 1386 siue
1203 1319 1677 1405 superliminare
1720 1320 1826 1386 uel
1870 1323 2100 1404 postes.

763 1426 1004 1510 Comple
1057 1447 1198 1508 erqo
1243 1426 1662 1490 hebdomadem
1709 1430 1888 1490 istius
1931 1431 1987 1489 et
2040 1428 2191 1490 dabo
2236 1431 2413 1490 etiam
2472 1430 2621 1491 hane
2681 1431 2812 1495 tibi.

587 1531 924 1612 postquam
967 1528 1150 1594 Liam
1201 1529 1390 1594 Iacob
1447 1528 1667 1594 fraude
1728 1529 2023 1614 deceptus
2082 1549 2196 1614 pro
2254 1529 2494 1596 Rachel
2550 1550 2809 1596 uxorem
2849 1529 2921 1582 10

591 1636 950 1716 acceperat,
1042 1632 1270 1697 dicitur
1315 1633 1374 1697 ei
1439 1652 1476 1697 a
1521 1652 1737 1698 socero
1781 1633 1993 1699 Laban
2050 1635 2123 1698 ut
2176 1635 2419 1719 septem
2474 1634 2605 1700 dies
2664 1638 2812 1720 post

589 1739 842 1823 nuptias
902 1737 1131 1803 sororis
1186 1737 1412 1821 prioris
1472 1738 1719 1821 expleat
1779 1740 1844 1803 et
1895 1737 1985 1801 sic
2042 1738 2312 1822 accipiat
2352 1739 2625 1817 Rachel,
2692 1759 2809 1823 pro

589 1862 712 1926 qua
753 1843 987 1908 iterum
1031 1844 1272 1924 septem
1320 1841 1499 1906 annis
1542 1840 1681 1906 aliis
1728 1841 2079 1906 seruiturus
2124 1842 2225 1907 sit.
2314 1861 2440 1908 non
2477 1842 2689 1927 igitur,
2732 1846 2813 1908 ut

589 1946 843 2031 quidam
913 1947 1079 2012 male
1135 1945 1504 2022 aestimant,
1579 1947 1723 2029 post
1790 1947 2033 2029 septem
2100 1965 2296 2011 annos
2356 1947 2512 2012 alios
2566 1945 2811 2012 Rachel

591 2051 834 2134 accepit
880 2069 1164 2128 uxorem,
1211 2049 1320 2114 sed
1363 2051 1509 2133 post
1555 2051 1794 2133 septem
1842 2050 1975 2114 dies
2022 2050 2385 2134 nuptiarum
2422 2051 2630 2116 uxoris
2672 2051 2806 2134 pri-
2847 2053 2919 2108 15

583 2173 746 2220 mae.
865 2174 1014 2219 nam
1071 2153 1352 2238 sequitur
1415 2161 1473 2218 et
1529 2159 1836 2237 inpressas
1894 2159 1981 2217 est
2038 2155 2117 2218 ad
2155 2157 2388 2219 Rachel
2401 2179 2418 2216 :
2482 2160 2539 2218 et
2587 2157 2811 2219 dilexit

592 2261 818 2324 Rachel
862 2265 1056 2342 magis
1101 2281 1278 2341 quam
1326 2258 1507 2322 Liam
1522 2305 1538 2334 ,
1581 2263 1639 2321 et
1680 2263 1940 2323 seruiuit
1984 2263 2047 2322 ei
2078 2264 2299 2343 septem
2344 2264 2518 2324 annis
2554 2262 2713 2324 aliie.

759 2366 841 2428 Et
877 2369 1138 2448 concepit
1176 2369 1233 2427 et
1273 2367 1505 2448 peperit
1539 2363 1743 2441 filium
1784 2367 1842 2427 et
1882 2367 2123 2427 uocauit
2163 2385 2371 2426 nomen
2414 2369 2545 2427 eius
2571 2365 2806 2428 Ruben.

587 2469 868 2536 omnium
910 2467 1410 2553 patriarcharum
1457 2468 1713 2552 propter
1755 2466 2193 2550 compendium
2232 2467 2521 2535 lectionis
2560 2469 2805 2552 etymo-

582 2574 784 2658 logias
827 2573 1150 2638 nominum
1193 2572 1337 2637 uolo
1381 2571 1619 2655 pariter
1665 2570 1890 2637 dicere.
1978 2577 2035 2635 et
2080 2578 2321 2636 uocauit
2354 2572 2561 2658 inquit
2588 2575 2803 2638 Ruben
2840 2576 2919 2631 20

582 2702 789 2743 nomen
861 2683 994 2742 eius
1057 2678 1256 2740 dicens
1329 2681 1470 2759 quia
1541 2677 1702 2739 Uidit
1771 2677 2045 2741 dominus
2119 2679 2519 2741 humilitatem
2593 2700 2805 2743 meam.

584 2782 807 2849 Ruben
850 2780 1302 2862 interpretatur
1345 2778 1608 2845 uisionis
1651 2779 1835 2845 filius.

757 2889 841 2950 Et
884 2889 1144 2969 concepit
1202 2883 1410 2966 inquit
1469 2887 1727 2947 alterum
1770 2883 1985 2964 filium
2038 2888 2094 2947 et
2150 2884 2311 2946 dixit
2354 2884 2649 2957 Quoniam
2703 2907 2806 2948 ex-

585 2992 825 3056 audiuit
881 3012 974 3053 me
1033 2990 1307 3052 dominns
1351 3009 1436 3065 e0‚
1493 2989 1649 3070 quod
1694 2988 1829 3051 odio
1890 3010 1985 3051 me
2038 2990 2278 3051 haberet
2339 2992 2442 3051 uir
2484 3010 2651 3051 meu-s·
2664 3039 2681 3066 ‚
2748 2994 2810 3052 et

582 3097 746 3159 dedit
800 3096 955 3158 milti
997 3097 1178 3157 etiam
1231 3095 1420 3155 hune:
1493 3097 1549 3155 et
1607 3097 1847 3156 uocauit
1900 3114 2107 3155 nomen
2168 3097 2299 3156 eius
2343 3093 2610 3175 Symeon.
2720 3093 2803 3157 ab
2842 3105 2920 3159 25

581 3219 673 3278 00,
706 3198 872 3282 quod
903 3196 988 3263 sit
1019 3194 1327 3273 exaudita,
1355 3194 1647 3279 Symeoni
1679 3215 1906 3261 nomen
1936 3196 2231 3279 inposuit.
2272 3194 2541 3279 Symeon
2572 3195 2806 3279 quippe

580 3302 1032 3387 interpretatur
1078 3299 1334 3365 auditio,

725 3408 818 3471 De
864 3407 1053 3471 tertio
1092 3424 1243 3470 uero
1287 3403 1570 3488 sequitur
1610 3409 1665 3467 et
1707 3410 1965 3489 concepit
2003 3404 2198 3502 adhue
2240 3410 2297 3468 et
2321 3410 2563 3490 peperit
2584 3405 2807 3485 filium

578 3518 636 3580 et
675 3514 837 3577 dimit
879 3512 1055 3576 Nunc
1098 3534 1326 3575 mecum
1368 3514 1485 3574 erit
1527 3514 1632 3573 uir
1674 3531 1839 3573 meu-s·
1852 3558 1870 3588 ,
1914 3514 2057 3593 quia
2098 3515 2310 3593 peperi
2347 3515 2405 3573 ei
2444 3515 2569 3573 tres
2590 3510 2807 3591 filios:

579 3620 711 3683 ideo
745 3622 982 3682 uocauit
1027 3638 1235 3680 nomen
1264 3620 1395 3679 eius
1417 3616 1593 3678 Leni.
1654 3612 1761 3677 ubi
1789 3633 1905 3679 nos
1935 3613 2205 3697 legimus
2238 3614 2398 3698 apud
2426 3636 2527 3707 me·
2549 3619 2666 3679 erit
2694 3620 2806 3678 αὐ·
2843 3628 2926 3684 30

577 3744 762 3800 meuc,
799 3720 1032 3804 Aquila
1051 3720 1502 3803 interpretatus
1532 3719 1631 3783 est
1666 3720 2071 3803 applicabitur
2098 3721 2255 3781 mihi
2278 3722 2383 3781 uir
2412 3740 2597 3796 meus,
2633 3720 2808 3800 quod

717 3930 750 3983 9
789 3930 899 3981 Gen
935 3926 1020 3990 29,
1063 3925 1131 3980 27
1172 3926 1178 3994 Ι
1227 3926 1292 3980 16
1327 3928 1438 3977 Gen
1467 3926 1553 3987 29,
1593 3924 1661 3980 30
1706 3923 1714 3993 Ι
1764 3923 1831 3978 18
1869 3926 1979 3976 Gen
2015 3924 2099 3986 29,
2140 3924 2208 3979 32
2254 3922 2261 3990 Ι
2304 3922 2375 3977 20
2408 3924 2517 3974 Gen
2552 3924 2637 3987 29,
2677 3925 2749 3978 32
2792 3923 2802 3994 Ι

577 4016 649 4071 23
687 4018 796 4067 Gen
831 4014 917 4079 29,
953 4014 1022 4068 33
1055 4013 1061 4081 Ι
1093 4012 1163 4067 28
1201 4014 1310 4064 Gen
1345 4012 1430 4077 29,
1466 4012 1538 4065 34

715 4208 750 4261 2
796 4205 1102 4273 amygdolon
1141 4222 1213 4274 φ,
1279 4202 1566 4269 amigdalon
1604 4208 1681 4269 βγ
1735 4198 1742 4269 Ι
1792 4202 1825 4256 3
1860 4200 2001 4251 urbis
2038 4216 2145 4251 esse
2185 4219 2230 4269 φ
2282 4200 2289 4267 Ι
2334 4200 2367 4253 6
2404 4200 2533 4251 elem
2566 4205 2657 4268 βγ,
2712 4218 2805 4253 ae-

572 4295 675 4347 lam
711 4314 758 4364 φ
796 4293 804 4360 Ι
847 4295 879 4349 9
923 4292 1236 4358 eptomadem
1263 4297 1338 4359 βγ
1355 4332 1368 4354 ,
1425 4290 1753 4341 ebdomadem
1790 4308 1834 4359 φ
1877 4286 1885 4357 Ι
1935 4286 2003 4340 15
2036 4286 2209 4337 uxoris
2253 4294 2320 4343 >
2352 4307 2395 4358 φ
2452 4287 2459 4355 Ι
2514 4287 2583 4341 20
2618 4288 2823 4360 inquid.

575 4400 620 4451 φ
653 4378 662 4447 Ι
693 4380 851 4446 20121
888 4395 1072 4431 nomen
1116 4378 1225 4430 eius
1259 4377 1419 4429 ruben
1457 4394 1502 4449 φ
1532 4374 1542 4445 Ι
1573 4376 1641 4429 21
1677 4376 1735 4428 in
1768 4373 2055 4429 humilitate
2090 4387 2204 4425 mea
2242 4391 2288 4445 ῳ
