3169 4941
556 432 662 492 110
1496 430 1723 487 Genesis
1754 426 1844 487 28.

556 592 698 663 ἰδοὺ
739 591 981 680 κλίμαξ
1022 590 1433 682 ἐστηριγμένη
1483 591 1550 659 ἐν
1588 593 1685 681 ’τῇ
1722 594 1829 679 γῇ,
1903 581 1978 679 ἧς
2034 585 2074 678 ἡ
2127 588 2377 678 κεφαλὴ
2438 577 2777 677 ἀφικνεῖτο
2816 606 2842 653 1

555 696 651 778 εἶς
689 698 805 767 τὸν
848 691 1117 786 οὐρανόν
1131 750 1148 781 ,
1195 697 1308 765 καὶ
1353 693 1416 762 οὶ
1461 692 1719 783 ἄγγελοι
1762 699 1874 762 τοῦ
1910 698 2075 760 θεοῦ
2122 685 2469 779 ἀνέβαινον
2511 693 2625 760 καὶ
2663 718 2780 760 κα-

556 802 850 888 τέβαινον
906 800 1013 870 ἐπ’
1065 793 1241 891 αὐτῇ.
1349 796 1456 867 ²⁸6
1509 798 1583 867 δὲ
1640 798 1859 885 κύριος
1914 792 2345 886 ἕπεστῆρικτο
2396 794 2504 864 ἐπ’
2564 789 2778 886 αὐτῆς.

556 908 670 974 καὶ
709 900 894 973 εἶπεν
933 898 1094 992 Ἐγώ
1150 902 1286 988 εἶμι
1328 901 1364 971 ὁ
1410 903 1575 981 θεὸς
1616 894 1920 990 ,Ἀβραὰμ
1978 906 2093 968 τοῦ
2132 895 2384 987 πατρός
2426 922 2545 967 σου
2584 901 2699 969 καὶ
2740 898 2777 969 ὃ

556 1011 726 1090 θεὸς
761 1003 1020 1093 Ἰσαάκ,
1067 1010 1157 1098 μὴ
1201 1012 1443 1096 φοβοῦ·
1489 1005 1529 1096 ἡ
1565 1012 1672 1095 γῆ,
1705 1005 1806 1096 ἐφ’
1836 997 1912 1094 ἧς
1939 1005 2019 1072 σὺ
2048 1001 2393 1085 καθεύδεις
2428 1004 2537 1073 ἐπ’
2566 997 2778 1095 αὐτῆς,
2812 1022 2845 1069 6

561 1116 672 1184 σοὶ
736 1113 928 1182 δώσω
993 1105 1187 1203 αὐτὴν
1246 1111 1358 1179 καὶ
1415 1116 1511 1199 τῷ
1571 1106 1907 1198 σπέρματί
1964 1131 2100 1176 σου.
2212 1114 2274 1151 ¹4
2287 1109 2400 1177 καὶ
2456 1106 2648 1179 ἔσται
2700 1110 2779 1177 τὸ

557 1220 821 1307 σπέρμα
876 1239 993 1285 σου
1052 1212 1142 1295 ὥς
1183 1212 1223 1305 ἡ
1269 1212 1483 1300 ἄμμος
1523 1219 1639 1303 τῆς
1692 1218 1807 1303 γῆς
1819 1264 1835 1296 ,
1912 1212 2028 1279 καὶ
2084 1208 2617 1302 πλατυνθήσεται
2660 1210 2779 1281 ἐπὶ

554 1321 906 1391 θάλασσαν
948 1320 1062 1387 καὶ
1104 1316 1260 1405 λίβα
1298 1319 1412 1386 καὶ
1453 1323 1695 1407 βορρᾶν
1740 1315 1855 1384 καὶ
1896 1316 2015 1385 ἐπὶ
2058 1308 2401 1397 ἀνατολάς·
2448 1317 2562 1386 καὶ
2600 1317 2778 1385 ἐνευ-

555 1420 1034 1515 λογηθήσονται
1099 1422 1165 1491 ἓν
1223 1422 1328 1490 σοὶ
1387 1428 1607 1489 πᾶσαι
1665 1418 1737 1489 αἱ
1798 1420 2001 1510 φυλαὶ
2054 1427 2172 1509 τῆς
2224 1426 2340 1510 γῆς
2398 1422 2512 1489 καὶ
2566 1421 2635 1489 ἐν
2684 1426 2782 1511 τῷ

555 1525 886 1619 σπέρματί
929 1550 1066 1595 σου.
1162 1525 1347 1594 15καὶ
1389 1523 1535 1593 ἰδοὺ
1579 1521 1707 1613 ἐγώ
1750 1522 1884 1610 εἶμι
1922 1524 2090 1610 μετὰ
2120 1530 2239 1592 σοῦ
2254 1578 2272 1608 ,
2316 1525 2779 1615 διαφυλάσσειν
2817 1540 2881 1587 10

555 1654 630 1701 σε
673 1632 741 1699 ἐν
777 1636 857 1722 τῇ
895 1627 1031 1720 ὁδῷ
1074 1630 1290 1721 πάσῃ,
1339 1619 1416 1698 οὗ
1455 1626 1533 1696 ἂν
1557 1634 1929 1719 πορευθῇς,
1975 1628 2088 1696 καὶ
2126 1620 2537 1719 ἄποστρέψω
2577 1653 2654 1698 σε
2684 1628 2780 1710 εἷς

552 1738 667 1826 τὴν
712 1741 826 1826 γῆν
864 1731 1127 1824 ταύτην·
1189 1731 1297 1803 ὅτι
1340 1725 1414 1801 οὗ
1456 1732 1547 1823 μή
1591 1756 1667 1801 σε
1720 1730 2139 1819 ἐγκαταλίπω
2180 1732 2305 1812 ἕως
2342 1739 2459 1801 τοῦ
2499 1733 2780 1825 ποιῆσαί

551 1864 636 1925 με
679 1839 926 1923 πάντα,
973 1836 1102 1906 ὅσα
1146 1833 1430 1927 ἐλόλησά
1475 1859 1604 1905 σοι.
1672 1842 1733 1880 ¹⁶
1758 1836 1871 1905 καὶ
1914 1834 2230 1927 ἐξηγέρθη
2267 1829 2511 1925 Ἰακὼβ
2553 1837 2627 1906 ἐκ
2664 1845 2779 1907 τοῦ

551 1943 763 2010 ὕπνου
803 1935 1000 2010 αὐτοῦ
1051 1942 1166 2009 καὶ
1207 1934 1394 2007 εἶπεν
1437 1938 1542 2011 ὅτι
1563 1937 1764 2007 ’Ἐστι
1814 1939 2030 2028 κύριος
2073 1938 2141 2007 ἐν
2188 1946 2281 2029 τῷ
2320 1936 2511 2029 τόπῳ
2552 1941 2777 2033 τούτῳ,

553 2046 678 2171 ἔγρω
723 2048 798 2114 δε
842 2038 958 2113 οὒκ
995 2043 1188 2135 ᾔδειν.
1283 2044 1470 2111 17καὶ
1512 2042 1817 2133 ἐφοβήθη
1873 2043 1987 2111 καὶ
2028 2036 2210 2111 εἶπεν
2267 2042 2381 2125 Ὡς
2420 2047 2735 2175 φοβερὸς
2744 2042 2783 2115 ὅ
2817 2066 2881 2111 15

554 2146 766 2229 τόπος
809 2142 1023 2229 οὗτος·
1073 2140 1190 2216 οὐκ
1233 2146 1378 2217 ἔστι
1411 2153 1603 2216 τοῦτο
1651 2140 1789 2215 αλλ’
1834 2144 1879 2237 ἢ
1917 2140 2101 2227 οἶκος
2138 2154 2335 2233 θεοῦ,
2379 2150 2493 2217 καὶ
2536 2174 2695 2239 αυτη
2739 2150 2779 2242 ἡ

555 2250 730 2343 πύλη
770 2259 887 2321 τοῦ
931 2245 1214 2341 οὖρανοῢ.
1307 2253 1493 2321 18καὶ
1529 2244 1767 2342 ἀνέστη
1802 2244 2034 2336 Ἰακωβ
2071 2253 2149 2320 τὸ
2190 2250 2398 2341 πρωί,
2445 2253 2561 2321 καὶ
2586 2251 2783 2340 ἔλαβε

529 2358 670 2442 ,τὸν
697 2351 977 2442 λίθον,“
940 2384 1012 2427 ον
1047 2354 1382 2447 ὑπέθηκεν
1411 2356 1548 2425 ἐκεῖ
1577 2356 1753 2445 πρὸς
1795 2358 2081 2446 κεφαλῆς
2120 2349 2341 2441 αὐτοῦ,
2374 2358 2491 2425 καὶ
2518 2355 2783 2449 ἔστησεν

555 2454 750 2532 αὐτὸν
795 2460 1029 2552 στήλην
1047 2513 1066 2544 ,
1107 2461 1223 2530 καὶ
1263 2460 1522 2546 ἐπέχεεν
1566 2457 1788 2530 ἔλαιον
1832 2459 1951 2528 ἐπὶ
1994 2459 2069 2530 τὸ
2102 2456 2297 2549 ἄκρον
2324 2454 2539 2552 αὐτῆς.
2602 2463 2782 2531 19καὶ

553 2565 822 2634 ἐκάλεσε
865 2565 942 2636 τὸ
987 2561 1191 2652 ὄνομα
1228 2572 1344 2634 τοῦ
1382 2565 1595 2634 τόπου
1632 2563 1877 2634 ἐκείνου
1910 2557 2109 2646 Οἶκος
2141 2571 2309 2634 θεοῦ
2322 2590 2336 2604 ·
2382 2568 2496 2635 καὶ
2528 2559 2778 2653 Οὗλαμ-
2814 2589 2881 2636 20

693 2807 724 2861 1
765 2820 1027 2876 αφικνιτο
1065 2804 1117 2858 D
1157 2804 1176 2872 [
1188 2803 1218 2856 ‘?
1252 2805 1500 2872 superest
1533 2803 1645 2872 κνι]
1665 2839 1681 2868 ,
1724 2821 2023 2875 αφηκνειτο
2057 2803 2103 2857 Ε
2169 2804 2177 2872 Ι
2246 2805 2339 2872 213
2386 2811 2781 2874 αναβαινοντες

555 2907 651 2944 και
680 2896 1108 2957 καταβαινοντες
1131 2889 1176 2942 Ε
1207 2890 1215 2958 Ι
1245 2890 1281 2946 3
1299 2890 1456 2944 inifio
1480 2909 1620 2961 αυτῃ
1640 2888 1871 2954 Dabmt,
1906 2907 2071 2956 αυτης
2092 2888 2203 2954 ΑΕ,
2248 2909 2420 2959 amm·
2442 2905 2501 2944 oz
2530 2892 2541 2960 Ι
2570 2893 2605 2946 3
2624 2906 2780 2958 εοτη-

551 2995 703 3050 ριπο
739 2991 794 3030 m
823 2975 869 3045 [t
890 2999 961 3022 πε
981 2974 1038 3045 b]
1096 2977 1106 3041 Ι
1157 2975 1194 3029 4
1229 2992 1348 3048 ειμι
1387 2984 1456 3035 >
1493 2974 1593 3029 AD
1634 2975 1748 3045 [GR]
1774 2976 1949 3046 anyz
1990 2976 2001 3043 Ι
2053 2975 2143 3043 4s5
2179 2995 2210 3028 ο
2248 2982 2379 3036 θεος
2414 2984 2647 3052 αβρααμ
2682 2995 2777 3029 και

555 3081 586 3115 ο
625 3067 759 3122 &coc
795 3075 964 3116 ισαακ
997 3080 1096 3114 του
1132 3077 1340 3135 παι-ρος
1371 3075 1475 3115 σου
1510 3081 1592 3134 μη
1626 3063 1711 3115 mt
1772 3062 1782 3131 Ι
1850 3061 1888 3116 4
1918 3080 2015 3114 του
2050 3079 2267 3136 πατρος
2300 3075 2403 3116 σου
2437 3069 2662 3137 αβρααμ
2697 3077 2727 3114 c
2764 3060 2773 3131 Ι

553 3147 588 3200 5
621 3163 684 3213 ης
717 3146 884 3200 etiam
915 3149 974 3211 t,
1008 3136 1044 3212 ἦ
1078 3161 1162 3201 em
1201 3145 1320 3217 [qui
1355 3161 1479 3202 mox
1514 3147 1683 3214 ἀυτῆς
1715 3149 1782 3202 ut
1818 3146 1877 3217 b]
1917 3163 1949 3202 z
1985 3146 2104 3218 [qui
2136 3163 2261 3201 mox
2295 3147 2487 3218 αυτην]
2540 3148 2549 3217 Ι
2604 3147 2641 3202 5
2678 3166 2776 3201 κα-

551 3231 754 3291 θευδες
787 3232 831 3286 Ε
863 3232 871 3301 Ι
902 3233 936 3286 6
961 3231 1078 3301 σοι]
1103 3247 1172 3284 συ
1195 3232 1268 3286 Et
1296 3235 1307 3303 Ι
1335 3235 1372 3288 6
1395 3253 1458 3286 το
1484 3248 1763 3308 σπερματι
1786 3233 1831 3287 Ε
1862 3233 1873 3303 Ι
1905 3234 1937 3286 7
1963 3233 2057 3303 ως]
2084 3248 2215 3288 ωσει
2238 3235 2355 3304 an
2383 3239 2394 3302 Ι
2426 3233 2458 3288 7
2481 3254 2516 3302 η
2536 3244 2603 3294 >
2620 3235 2736 3304 an
2762 3233 2773 3304 Ι

553 3320 585 3372 7
621 3337 654 3384 η
693 3337 882 3390 αμμος
898 3335 992 3386 της
1007 3320 1129 3388 γης]
1147 3335 1216 3372 τα
1247 3335 1421 3395 αστρα
1439 3339 1536 3373 του
1555 3336 1795 3394 ουρανου
1814 3337 1842 3372 z
1873 3321 1885 3387 Ι
1915 3319 1946 3373 7
1976 3337 2077 3389 γης
2101 3319 2343 3385 Eabcmt,
2380 3324 2667 3388 θαλασσης
2687 3321 2736 3374 A
2764 3323 2773 3393 Ι

551 3404 586 3458 8
617 3425 712 3458 και
753 3421 849 3458 em
886 3407 1050 3473 λιβαν
1085 3421 1179 3458 και
1217 3417 1314 3459 em
1349 3412 1560 3479 βορραν
1596 3425 1691 3460 και
1723 3424 1797 3459 επ
1830 3410 2103 3466 ανατολας
2134 3405 2184 3460 A
2200 3447 2213 3460 .
2266 3407 2347 3462 ita
2378 3407 2453 3472 Ε,
2488 3407 2597 3462 nisi
2632 3407 2776 3479 quod

550 3495 680 3560 λιβα
695 3533 706 3544 .
743 3507 773 3545 c
796 3513 866 3536 =
888 3490 951 3556 b,
1002 3491 1110 3546 nisi
1146 3491 1290 3562 quod
1327 3495 1452 3546 ante
1499 3499 1705 3566 βορραν
1753 3492 1911 3548 addit
1946 3511 2041 3547 επι
2055 3534 2066 3547 .
2124 3496 2207 3550 mt
2246 3495 2311 3557 -Ι-
2348 3513 2445 3549 επι
2482 3498 2610 3550 ante
2646 3498 2774 3564 λιβα

549 3579 608 3631 et
641 3578 770 3631 ante
798 3584 1040 3651 βορραν,
1103 3578 1245 3649 quod
1275 3593 1332 3632 m
1366 3585 1539 3653 βοραν
1573 3577 1789 3634 floribit.
1824 3597 1854 3632 z
1877 3603 1947 3648 ς
1968 3577 2035 3644 b,
2069 3579 2177 3634 nisi
2210 3581 2357 3651 quod
2392 3584 2588 3650 λιβαν.
2626 3598 2690 3636 ex
2723 3584 2774 3637 D

549 3662 782 3718 Grabius
817 3662 996 3718 adfert
1034 3682 1130 3718 επι
1175 3668 1304 3732 λιβα
1351 3661 1448 3718 κᾶι
1499 3681 1595 3718 cm
1641 3672 1813 3739 βορρα
1862 3683 1961 3718 και
2009 3683 2085 3720 επ
2118 3671 2395 3734 ανατολας
2462 3669 2471 3736 Ι
2536 3668 2572 3721 8
2606 3683 2643 3722 a
2678 3688 2772 3723 και

549 3752 742 3820 quarto
775 3749 812 3802 8
841 3765 1012 3818 usque
1069 3750 1142 3804 ad
1195 3763 1286 3804 σοι
1324 3749 1390 3805 13
1423 3750 1474 3804 D
1519 3751 1632 3806 iam
1679 3750 1867 3808 Grabii
1920 3754 2165 3821 tempore
2212 3752 2404 3808 hiabat
2466 3754 2477 3824 Ι
2544 3755 2617 3808 10
2664 3773 2773 3826 εγω

550 3837 677 3890 ιδου
712 3836 759 3890 Ε
812 3837 823 3902 Ι
879 3836 946 3891 10
984 3852 1101 3907 ειμι
1135 3843 1204 3894 >
1238 3834 1472 3890 ΔΕαιιιίπ
1524 3840 1534 3907 Ι
1592 3839 1662 3894 10
1695 3839 2089 3911 διαφυλαπων
2122 3855 2178 3893 m
2206 3838 2415 3909 [t=b]
2470 3842 2481 3911 Ι
2531 3841 2593 3894 11
2634 3841 2771 3911 οδῳ]

547 3939 622 3994 γη
657 3939 686 3977 c
715 3923 728 3993 Ι
758 3924 823 3978 11
861 3941 933 3976 αν
965 3922 1062 3986 ab,
1100 3940 1199 3977 εαν
1233 3923 1467 3980 AEemtz
1497 3925 1505 3993 Ι
1539 3926 1606 3980 11
1642 3939 1893 4000 πορευση
1928 3927 1997 3994 οΙ
2030 3925 2099 3980 12
2135 3930 2520 3998 εγκαταλειπω
2565 3927 2719 3982 AEcz
2758 3927 2769 3998 Ι

549 4010 620 4065 13
653 4029 730 4082 με
756 4009 1012 4078 >2118
1045 4027 1108 4062 εκ
1141 4008 1396 4075 Eabcmt,
1435 4028 1548 4064 απο
1581 4009 2024 4081 AD[01]2114
2060 4025 2210 4066 εστιν
2245 4012 2339 4066 ΑΕ
2370 4013 2379 4081 Ι
2414 4013 2481 4068 14
2518 4013 2768 4084 τουτοίῑΙ

551 4095 620 4150 15
653 4095 800 4150 ιδειν
833 4095 879 4150 Ε
909 4095 920 4165 Ι
961 4095 1030 4150 15
1067 4099 1374 4168 εφοβηθειν
1407 4112 1465 4151 m
1494 4094 1502 4165 Ι
1536 4097 1605 4152 16
1642 4111 1795 4149 εστιν
1826 4095 1920 4150 ΑΕ
1964 4097 1973 4166 Ι
2028 4097 2091 4151 17
2127 4116 2221 4150 και
2258 4113 2457 4166 ανεστη
2492 4107 2672 4168 ιακωβ
2706 4119 2771 4152 το

545 4197 691 4253 πρωι
728 4189 797 4240 >
831 4197 887 4234 m
914 4181 926 4250 Ι
972 4181 1037 4235 17
1072 4197 1170 4234 τωι
1204 4200 1351 4255 πρωι
1385 4184 1412 4236 t
1440 4181 1451 4252 Ι
1490 4183 1555 4238 17
1597 4185 1791 4250 ελαβεν
1823 4180 1919 4242 AE
1957 4183 1966 4250 Ι
2010 4183 2078 4239 18
2112 4189 2396 4250 υπεθηκεν
2426 4183 2603 4250 abmt,
2641 4192 2769 4253 εθη·

545 4283 646 4319 κεν
678 4264 802 4331 ΔΕ,
841 4273 1120 4334 sueonum:
1147 4283 1180 4321 z
1226 4267 1235 4338 Ι
1293 4267 1360 4325 18
1395 4285 1507 4322 exso
1544 4276 1616 4327 >
1650 4267 1697 4322 Ε
1750 4269 1759 4336 Ι
1817 4268 1883 4323 19
1926 4271 2085 4323 ελεον
2118 4268 2169 4321 D
2204 4269 2479 4340 [superest
2513 4289 2613 4326 εον
2645 4274 2772 4327 ante

548 4350 668 4419 επι]
709 4352 720 4419 Ι
765 4353 834 4408 19
865 4354 1052 4418 αυτης]
1092 4371 1259 4405 auton
1293 4369 1326 4408 z
1353 4354 1365 4422 Ι
1409 4354 1484 4410 20
1517 4357 1776 4408 causton
1808 4353 1911 4409 AD
1946 4354 2065 4424 [GR]
2091 4355 2249 4410 Fama
2278 4357 2289 4427 Ι
2336 4356 2408 4414 20
2440 4360 2569 4413 ante
2602 4378 2667 4412 το
2705 4360 2769 4423 -Ι-

547 4441 724 4505 ιακωβ
757 4434 858 4490 AD
886 4437 1003 4506 [aaz
1037 4439 1285 4506 superest
1322 4439 1420 4508 ωβ]
1461 4440 1571 4494 mtz
1602 4440 1612 4510 Ι
1643 4439 1715 4496 20
1748 4459 1900 4501 οικος
1920 4441 2083 4512 θεον]
2116 4479 2153 4508 ,,
2166 4442 2366 4514 Aquila
2398 4448 2611 4513 βαιθηλ
2625 4448 2659 4473 “
2689 4443 2727 4500 b
2752 4443 2765 4512 Ι
