3169 4941
562 394 665 451 158
804 430 816 443 .
1492 352 1718 451 Genesis
1752 393 1840 451 ss.

556 554 669 645 τὴν
724 553 790 622 ἐν
845 559 925 643 τῇ
974 550 1141 642 χειρί
1196 575 1333 621 σου.
1416 554 1528 622 καὶ
1577 552 1811 623 ἔδωκεν
1868 556 2057 644 αὐτῇ,
2131 552 2246 621 καὶ
2295 551 2563 644 εἰσῆλθε
2605 552 2773 641 πρὸς
2809 570 2836 615 1

558 656 754 748 αὐτήν
769 682 785 697 ·
856 656 966 725 καὶ
1027 656 1093 725 ἐν
1152 657 1385 747 γαστρὶ
1444 657 1671 745 ἐλαβεν
1731 660 1807 742 ἐξ
1871 656 2086 727 αὐτοῦ.
2179 662 2237 701 ¹⁹
2267 657 2379 725 καὶ
2438 658 2772 726 ἀναστᾶσα

666 770 697 785 ,
996 762 1013 785 x
2027 759 2388 792 22222
2517 770 2549 786 ,
2753 761 2770 784 x

558 863 899 937 ἐνεδύσατο
952 866 1035 933 τὰ
1079 864 1304 953 ἱμάτια
1361 873 1479 957 τῆς
1516 866 1872 957 χηρεύσεως
1924 868 2139 957 αὐτῆς.
2237 859 2657 935 ΞΝ)οἰπε’στειλε
2699 865 2773 934 δὲ

550 970 791 1053 Ἰούδας
830 971 943 1039 τὸν
982 968 1209 1062 ἔριφον
1251 971 1323 1053 ἐξ
1360 968 1557 1058 αἰγῶν
1604 971 1670 1039 ἐν
1697 970 1868 1061 χἐιρὶ
1908 980 2023 1038 τοῦ
2066 972 2385 1057 ποιμένος
2424 972 2620 1039 αὐτοῦ
2658 975 2774 1038 τοῦ
2806 984 2838 1031 5

545 1072 1003 1161 Ὀδολλαμίτου
1019 1129 1036 1159 ,
1085 1073 1497 1161 κομίσασθαι
1537 1076 1719 1166 παρὰ
1757 1082 1870 1167 τῆς
1909 1075 2200 1165 γυναικὸς
2247 1075 2360 1145 τὸν
2397 1070 2737 1166 α’ρραβῶνα
2757 1095 2772 1111 ·

556 1180 671 1249 καὶ
714 1182 827 1265 οὐχ
873 1174 1047 1267 εὗρεν
1105 1176 1312 1270 αὐτήν.
1398 1185 1456 1224 ²¹
1472 1177 1850 1273 ἐπηρώτησε
1901 1181 1975 1249 δὲ
2019 1182 2170 1262 τοὺς
2228 1177 2471 1270 ἶίνδρας
2509 1181 2659 1261 τοὺς
2701 1180 2773 1249 ἐκ

554 1288 669 1353 τοῦ
706 1281 918 1353 τόπου
960 1290 1101 1351 Ποῦ
1150 1283 1326 1353 ἔστιν
1365 1282 1403 1375 ἥ
1448 1281 1654 1375 πόρνη
1695 1284 1735 1376 ἡ
1779 1285 2084 1376 γενομένη
2124 1284 2192 1353 ἒν
2233 1283 2455 1353 Αῑνὰν
2499 1285 2618 1354 ἐπὶ
2657 1288 2772 1375 τῆς

556 1387 745 1474 ὃδοῢς
797 1386 911 1456 καὶ
953 1382 1152 1457 εἶπαν
1199 1386 1331 1457 Οὐκ
1374 1383 1451 1479 ἦν
1503 1387 1787 1457 ἐνταῦθα
1839 1388 2062 1480 πόρνη.
2161 1388 2344 1457 ’Βκαὶ
2384 1382 2772 1480 ἀπεστράφη
2879 1436 2889 1446 -

556 1492 725 1583 πρὸς
760 1491 999 1561 Ἰούδαν
1060 1491 1170 1560 καὶ
1219 1486 1406 1561 εἶπεν
1456 1490 1586 1577 Οὐχ
1633 1487 1840 1579 εὗρον,
1898 1494 2011 1562 καὶ
2065 1490 2128 1562 οἱ
2195 1491 2548 1585 ἅνθρωποι
2587 1490 2654 1562 οἱ
2698 1493 2772 1562 ἐκ
2809 1510 2878 1556 10

554 1605 669 1667 τοῦ
711 1594 921 1667 τόπου
976 1597 1235 1685 λέγουσι
1286 1599 1375 1689 μὴ
1415 1591 1583 1666 εἶναι
1626 1592 1750 1667 ὦδε
1789 1595 2046 1688 πόρνην.
2145 1602 2204 1643 ²⁸⁹·
2217 1593 2368 1667 εἶπε
2421 1601 2494 1667 δε
2533 1592 2774 1677 Ἰούδας

551 1694 782 1786 Ἐχέτω
825 1703 1013 1788 αὐτά,
1077 1695 1242 1771 ἀλλὰ
1283 1699 1540 1792 μήποτε
1589 1706 2206 1801 καταγελασθῶμεν·
2271 1702 2396 1790 ἐγώ
2441 1702 2558 1788 μὲν
2597 1701 2771 1771 ἀπέ-

560 1809 805 1875 σταλκα
844 1809 960 1877 τὸν
1000 1802 1226 1897 ε’ριφον
1266 1814 1491 1875 τοῦτον
1505 1861 1523 1892 ,
1578 1808 1658 1876 σὺ
1698 1807 1771 1875 δὲ
1807 1809 1920 1892 οὐχ
1960 1805 2246 1899 εὕρηκας.
2338 1805 2658 1895 Μέγένετο
2699 1805 2773 1875 δὲ

556 1911 721 1997 μετὰ
782 1910 1083 2003 τρίμηνον
1140 1904 1445 2003 ἀνηγγέλη
1512 1917 1610 2002 τῷ
1654 1904 1855 2002 Ἰούδᾳ
1922 1911 2214 2000 λέγοντες
2265 1904 2772 2001 Ἐκπεπόρνευκε

565 2012 799 2106 Θάμαρ
847 2015 885 2107 ἡ
928 2013 1141 2107 νύμφη
1186 2039 1302 2085 σου
1320 2070 1337 2100 ,
1411 2016 1525 2085 καὶ
1584 2014 1728 2085 ἰδοὺ
1772 2016 1840 2084 ἐν
1881 2016 2114 2107 γαστρὶ
2152 2015 2282 2101 ἔχει
2327 2016 2400 2085 ἐκ
2443 2014 2770 2107 πορνείας.
2811 2027 2875 2074 15

560 2286 697 2326 σκον
749 2290 989 2345 ωραριον
1040 2269 1413 2339 [Casaubonus
1446 2273 1502 2325 et
1537 2270 1836 2326 Salmasius
1881 2271 1951 2326 ad
1983 2270 2176 2339 scriptt
2208 2269 2383 2325 histor
2417 2270 2680 2338 augustae
2715 2267 2772 2323 H

560 2358 662 2412 135
679 2398 692 2421 ‚
710 2406 717 2413 .
735 2357 803 2411 12
838 2357 1091 2412 editionis
1124 2356 1682 2427 Eyssenhardtianae:
1735 2358 1860 2413 uide
1898 2356 2184 2426 Codinum]
2207 2398 2222 2410 .
2268 2378 2300 2411 ο
2341 2358 2407 2411 δε
2449 2376 2611 2426 αγιος
2651 2361 2769 2409 Κυ-

561 2448 745 2520 ριλλος
782 2461 1104 2518 κοσμηματι
1138 2464 1214 2516 τῳ
1250 2462 1379 2520 περι
1413 2464 1514 2514 την
1557 2446 1748 2523 δερριν
1787 2450 1907 2499 ssa
1943 2445 2236 2516 χαλδαικῳ
2279 2459 2642 2516 κοσμουμενῳ
2692 2462 2769 2512 τῳ

560 2533 753 2602 ιουδᾳ.
799 2547 993 2606 χρυσῳ
1029 2551 1139 2604 γαρ
1176 2551 1332 2585 ουτοι
1381 2552 1475 2585 και
1504 2551 1701 2606 χειρας
1755 2552 1848 2585 και
1890 2533 2077 2605 δερριν
2115 2535 2643 2605 καταλαμπρυνουσι
2677 2548 2770 2582 και

560 2637 729 2684 αυτην
764 2636 863 2685 την
897 2637 1063 2691 τριχα
1101 2633 1483 2690 στεφανουσιν
1522 2624 1630 2671 εσθ
1667 2621 1801 2671 οτε“
1825 2616 1860 2672 b
1892 2616 1900 2687 Ι
1934 2617 2000 2671 17
2039 2633 2314 2692 αρμισκον
2337 2631 2367 2670 c
2395 2617 2406 2684 Ι
2439 2617 2504 2671 17
2533 2612 2769 2690 ραβδον]

560 2745 593 2769 ,,
611 2703 959 2774 Symmachus
996 2704 1381 2778 εγχειριδιον“
1419 2703 1453 2757 b

700 2793 733 2846 1
770 2791 925 2864 αυτῇ]
968 2808 1137 2858 αυτην
1170 2806 1204 2844 a
1233 2791 1244 2858 Ι
1275 2792 1306 2845 1
1346 2792 1606 2857 εισηλθεν
1628 2788 1785 2842 ,ΑΕΐὶ1
1815 2789 1823 2858 Ι
1854 2790 1889 2843 2
1914 2807 1978 2859 εγ
2001 2804 2199 2862 γαστρι
2223 2788 2271 2842 Α
2301 2791 2311 2855 Ι
2342 2789 2377 2842 2
2411 2807 2650 2848 αναστας
2672 2786 2770 2852 A1,

561 2878 621 2949 [α
647 2895 806 2947 super
828 2892 1223 2933 uersum-manu
1240 2878 1330 2930 uel
1352 2877 1527 2946 prima
1542 2875 1632 2930 uel
1649 2878 1790 2930 certe
1814 2877 2134 2946 perantiqua
2160 2875 2391 2945 quadam
2407 2875 2672 2944 additum]
2691 2873 2735 2926 E
2759 2872 2768 2944 Ι

560 2966 595 3018 3
630 2969 885 3033 απηλθεν
918 2962 1038 3017 Am
1055 2969 1073 2999 ¹
1104 2964 1113 3033 Ι
1145 2965 1178 3018 3
1212 2965 1525 3036 περιειλατο
1555 2962 1607 3015 D
1629 2963 1743 3032 [GR]
1768 2963 1874 3027 Ez,
1909 2967 2266 3037 περιεβαλετο
2285 2963 2350 3028 A,
2386 2965 2626 3038 περιεῖλε
2649 2963 2731 3014 m‘b
2757 2956 2766 3028 Ι

560 3054 595 3106 3
622 3059 881 3124 θεριστον
904 3069 931 3104 z
961 3054 971 3120 Ι
1015 3053 1051 3107 3
1086 3070 1252 3117 αυτης
1285 3041 1353 3109 >
1384 3049 1620 3104 AEamtz
1653 3052 1660 3121 Ι
1689 3050 1727 3104 4
1753 3066 2087 3124 χειρευσεως
2119 3050 2164 3104 Ε
2195 3050 2204 3119 Ι
2246 3050 2284 3104 4
2321 3069 2486 3117 αυτης
2523 3070 2606 3122 αφ
2643 3067 2769 3102 εαυ-

558 3158 651 3205 της
673 3136 746 3202 A,
784 3159 867 3210 αφ
906 3155 1101 3204 εαυτης
1131 3137 1329 3191 omisso
1364 3157 1526 3203 αυτης
1546 3137 1592 3190 Ε
1623 3139 1632 3204 Ι
1663 3138 1699 3191 4
1733 3139 2057 3190 απεστειλεν
2079 3135 2287 3190 ADEt1
2317 3140 2326 3207 Ι
2355 3137 2391 3192 5
2426 3137 2548 3206 τον]
2573 3145 2672 3202 την
2701 3153 2728 3187 z
2755 3133 2766 3204 Ι

558 3228 594 3283 5
630 3243 861 3300 αιριφον
896 3222 944 3277 Α
989 3227 999 3291 Ι
1040 3223 1076 3279 5
1112 3224 1191 3293 εξ]
1232 3243 1293 3277 εκ
1325 3243 1435 3278 των
1469 3223 1520 3276 D
1548 3225 1687 3294 [GBL
1720 3243 1830 3277 των
1863 3241 1892 3276 z
1934 3224 1944 3292 Ι
1995 3223 2027 3278 5
2063 3241 2367 3294 ποιμαινος
2401 3222 2502 3276 Am
2553 3225 2562 3292 Ι
2609 3222 2641 3275 5
2671 3240 2768 3274 του

558 3313 789 3367 alterum
822 3321 890 3371 >
926 3326 961 3364 a
1005 3313 1014 3381 Ι
1060 3313 1093 3366 6
1129 3312 1531 3383 οδολλαμειτου
1566 3310 1614 3364 Α
1652 3310 1909 3381 [D=b]‚
1959 3311 2351 3384 οδολλαμητου
2386 3310 2460 3374 Ε,
2499 3310 2770 3380 οδολομι-

558 3419 655 3452 του
691 3415 749 3464 a,
790 3399 1133 3469 οδολαμιτου
1170 3398 1253 3451 miz
1293 3401 1303 3466 Ι
1347 3398 1381 3451 6
1417 3404 1791 3469 κωμησασθαι
1827 3397 1872 3450 Ε
1914 3398 1923 3466 Ι
1967 3398 2000 3451 6
2037 3415 2135 3450 τον
2171 3403 2458 3471 αρραβωνα
2488 3414 2646 3468 παρα
2679 3413 2771 3460 της

558 3505 821 3558 γυναικος
854 3484 1084 3538 ADEom
1126 3484 1252 3554 [nisi
1289 3484 1431 3554 quod
1466 3491 1730 3559 αραβωνα
1766 3501 1822 3538 m
1839 3485 1877 3554 ²]
1912 3486 1967 3537 tz
1997 3483 2008 3552 Ι
2057 3485 2090 3537 7
2127 3497 2473 3556 επηρωτησεν
2508 3480 2682 3536 ADEt
2697 3486 2718 3516 ¹
2757 3481 2765 3552 Ι

560 3574 592 3627 7
630 3574 708 3642 εκ]
747 3589 841 3625 επι
880 3571 929 3624 A
982 3573 991 3642 Ι
1044 3571 1079 3624 8
1114 3573 1241 3625 ante
1274 3589 1385 3625 που
1426 3573 1491 3640 -Ι-
1528 3591 1622 3625 και
1660 3589 1816 3625 ειπεν
1851 3589 2038 3630 αυτοις
2069 3571 2120 3623 D
2152 3570 2262 3638 [an
2313 3570 2556 3638 superest
2589 3587 2683 3620 και
2719 3585 2770 3620 ει

557 3661 627 3732 ις]
650 3675 683 3714 a
711 3661 721 3728 Ι
752 3660 835 3726 8η
858 3659 1055 3734 πορνη]
1084 3658 1329 3729 „Aquila
1350 3678 1383 3726 η
1410 3659 1892 3729 ενδιηλλαγμενη“
1910 3657 1946 3712 b
1977 3659 1988 3722 Ι
2018 3659 2053 3713 8
2071 3675 2200 3710 εναν
2223 3671 2252 3710 c
2282 3658 2292 3722 Ι
2323 3657 2356 3710 9
2381 3653 2608 3724 ειποντΙ
2625 3655 2658 3708 9
2675 3653 2766 3722 ην]

556 3748 730 3814 ηλθεν
765 3763 795 3800 z
824 3748 833 3812 1
865 3746 899 3800 9
938 3762 1255 3820 επεστραφη
1294 3745 1345 3798 D
1376 3745 1483 3816 [(111]
1520 3747 1530 3814 Ι
1562 3747 1630 3801 10
1668 3745 1985 3820 ανθρωποι]
2025 3743 2220 3823 ανδρες
2252 3744 2362 3796 mtz
2391 3741 2402 3811 Ι
2435 3742 2502 3797 10
2536 3761 2590 3793 οι
2630 3740 2768 3794 alte-

556 3849 677 3886 rum
712 3840 781 3891 >
816 3835 845 3886 t
884 3832 1107 3901 [11011111]
1166 3833 1176 3900 Ι
1226 3832 1293 3889 10
1331 3851 1392 3886 εκ
1428 3841 1496 3891 >
1524 3848 1557 3887 a
1610 3830 1620 3901 Ι
1683 3832 1744 3884 11.
1782 3851 1880 3885 του
1917 3839 1984 3889 >
2023 3845 2051 3883 c
2104 3830 2114 3897 Ι
2170 3830 2234 3884 11
2274 3831 2534 3897 λεγουσιν
2567 3827 2716 3881 AEtz
2755 3828 2764 3897 Ι

558 3922 627 3976 11
663 3918 907 3990 „Aquila
940 3939 1041 3972 ουκ
1076 3937 1143 3986 ην
1177 3937 1238 3972 εν
1269 3937 1442 3988 τουτῳ
1480 3919 1904 3990 διηλλαγμενη“
1943 3916 1977 3970 b
2016 3920 2026 3983 Ι
2070 3918 2135 3972 11
2173 3914 2302 3985 ωδε]
2343 3921 2586 3968 ενταυθα
2620 3914 2713 3969 ΑΕ
2757 3917 2764 3984 Ι

560 4010 625 4064 11
665 4025 821 4061 ειπεν
854 4005 974 4060 AEt
1002 4011 1011 4068 Ι
1042 4005 1111 4060 12
1149 4023 1221 4077 με
1242 4003 1405 4059 'uocis
1436 4007 1942 4076 καταγελασθωμεν
1976 4017 2139 4056 manu
2172 4001 2348 4069 prima
2384 4001 2442 4054 in
2475 4001 2735 4061 rasurassA
2753 4042 2766 4056 .

557 4094 805 4164 „Aquila
840 4095 898 4147 et
946 4091 1296 4163 Symmachus
1331 4098 1632 4164 γενωμεθα
1649 4086 1654 4092 ’
1671 4109 1749 4150 εις
1797 4091 2208 4152 εξουδενωσιν“
2245 4088 2281 4142 b
2334 4089 2343 4157 Ι
2401 4087 2466 4142 12
2502 4091 2628 4158 post
2661 4107 2767 4159 μεν

558 4183 624 4250 -Ι-
666 4200 775 4258 γαρ
811 4181 885 4234 Ez
939 4181 948 4249 Ι
1005 4182 1071 4235 13
1108 4197 1335 4255 αιριφον
1368 4177 1417 4232 Α
1460 4180 1471 4246 Ι
1527 4179 1594 4232 13
1639 4196 1858 4251 ευρικας
1891 4177 1992 4242 Et,
2031 4193 2184 4249 ευρες
2220 4192 2249 4228 z
2280 4176 2289 4244 Ι
2334 4177 2402 4230 13
2439 4177 2501 4229 δε
2535 4175 2764 4231 alterum

557 4277 627 4328 >
664 4285 719 4332 0,
754 4288 866 4341 γαρ
904 4285 931 4319 z
997 4269 1007 4334 Ι
1073 4267 1141 4320 14
1180 4268 1465 4336 απηγγελη
1500 4265 1660 4329 Acm',
1698 4266 2016 4334 απηγγελλη
2051 4263 2108 4325 ἡ,
2147 4265 2370 4331 λεγουσι
2406 4281 2434 4316 z
2491 4264 2502 4332 Ι
2567 4264 2635 4318 14
2665 4282 2764 4316 του

558 4356 723 4408 ιουδα
760 4355 804 4407 Ε
858 4356 869 4420 Ι
923 4352 992 4406 14
1027 4372 1103 4422 τῳ
1139 4361 1208 4412 >
1243 4352 1293 4405 D
1316 4352 1431 4421 [GR]
1486 4355 1495 4419 Ι
1540 4352 1610 4406 14
1641 4355 1894 4420 λεγοντες
1926 4359 1995 4410 >
2032 4367 2063 4404 z
2103 4351 2114 4417 Ι
2165 4349 2232 4404 14
2262 4350 2388 4419 post
2413 4352 2661 4418 λεγοντες
2698 4354 2761 4416 -Ι-

559 4459 645 4494 ou
678 4455 713 4496 a
742 4441 753 4508 Ι
784 4440 852 4495 14
885 4456 1321 4513 εκπεπορνευκεν
1352 4438 1509 4494 AEt1
1538 4440 1548 4507 Ι
1582 4438 1650 4494 15
1685 4455 1750 4508 εγ
1784 4452 1982 4512 γαστρι
2019 4435 2068 4490 A
2097 4440 2108 4506 Ι
2141 4438 2207 4494 15
2243 4455 2475 4512 πορνιας
2507 4435 2552 4488 Ε
