3169 4941
2554 458 2602 508 V

562 629 810 694 nischer
867 628 1308 694 kirchenvater
1365 627 1430 692 in
1487 625 1607 691 den
1663 623 2091 690 bibliotheken
2158 622 2270 688 der
2328 620 2604 689 Schweiz

563 750 787 832 (1865)
831 770 872 832 p
906 756 1006 812 37.

470 894 516 950 μ
559 870 952 954 frisingensis
1002 877 1120 932 111
1144 918 1159 946 ‚
1219 889 1385 934 nunc
1424 867 1819 933 monacensis
1862 873 2028 931 6311
2079 864 2231 930 satis
2278 864 2443 930 male
2487 865 2604 928 ha-

560 990 728 1056 bitus
749 1041 764 1070 ‚
810 992 1152 1074 quadratus
1167 1041 1184 1069 ‚
1244 990 1482 1056 saeculi
1528 989 1697 1056 noni.
1786 988 2078 1071 excerpta
2121 987 2370 1052 tantum
2413 1004 2605 1068 quae-

561 1111 706 1178 dam
749 1112 1010 1196 praebet
1041 1131 1114 1177 ex
1143 1111 1515 1196 Hieronymi
1546 1108 2018 1193 quaestionibus
2056 1106 2369 1172 hebraicis
2405 1123 2604 1187 neque

559 1252 598 1298 a
640 1253 742 1299 1116
788 1234 913 1298 11161
953 1234 1171 1316 paucis
1218 1232 1283 1297 in
1324 1232 1478 1297 locis
1524 1232 1843 1316 inspectus
1890 1231 1987 1296 est
2004 1279 2019 1308 ‚
2093 1248 2285 1312 quum
2327 1227 2607 1293 eiusdem

555 1354 834 1420 familiae
878 1355 992 1431 sit,
1041 1355 1218 1419 cuius
1261 1352 1654 1438 frisingensis
1696 1352 1881 1435 prior.
1971 1351 2062 1416 ita
2106 1349 2271 1414 enim
2313 1368 2470 1415 uoco

472 1497 524 1559 φ
561 1474 1003 1559 frisingensem
1046 1482 1127 1539 99
1147 1523 1162 1552 ‚
1221 1475 1328 1557 qui
1369 1493 1536 1538 nunc
1579 1475 1678 1538 est
1718 1471 2110 1538 monacensis
2158 1477 2347 1536 6299.
2448 1489 2605 1552 qua-

559 1594 775 1660 dratus
822 1594 1058 1660 saeculi
1102 1594 1313 1659 octaui
1357 1592 1641 1658 exeuntis
1683 1594 1789 1659 1161
1833 1593 1983 1658 110111
2026 1591 2317 1657 ineuntis.
2413 1608 2603 1674 quum

556 1715 850 1780 Halmius
914 1735 1016 1779 me
1070 1713 1207 1799 ipso
1251 1714 1476 1779 melius
1535 1712 1697 1779 sciat
1753 1713 1902 1795 quid
1952 1713 2019 1778 in
2076 1714 2197 1777 hoc
2250 1711 2410 1776 libro
2455 1709 2607 1775 insit

559 1837 624 1901 et
679 1836 928 1920 praeter
970 1835 1296 1901 Halmium
1339 1834 1446 1900 uix
1491 1835 1786 1918 cuiquam
1829 1835 1984 1900 haec
2031 1853 2215 1900 curae
2261 1832 2388 1898 sint
2404 1882 2419 1912 ‚
2477 1852 2603 1898 non

561 1956 863 2021 describo.

622 2078 912 2160 quintum
943 2075 1224 2142 codicem
1267 2077 1400 2142 uidi
1443 2077 1941 2160 ratisponensem
1988 2077 2191 2142 sancti
2215 2073 2602 2141 Emmerami

383 2204 544 2274 429,
589 2217 757 2263 1111116
795 2217 1237 2264 monacensem
1283 2203 1494 2261 14429
1515 2246 1530 2275 ‚
1587 2197 1825 2262 saeculi
1866 2197 2045 2274 noni,
2093 2200 2157 2262 et
2197 2197 2401 2280 ipsum
2446 2215 2603 2278 qua·-

383 2318 650 2383 dratum.
704 2337 906 2400 pauca
946 2318 1199 2382 tantum
1250 2319 1318 2381 in
1359 2335 1432 2382 eo
1465 2337 1538 2382 ex
1561 2317 1933 2400 Hieronymi
1976 2316 2445 2400 quaestionibus
2491 2316 2601 2380 de-

380 2439 578 2505 libata
642 2440 818 2518 sunt,
892 2457 1048 2523 (11136
1106 2439 1406 2523 temporis
1466 2438 1759 2524 angustia
1815 2441 2192 2523 praeuentus
2244 2438 2599 2541 examinare

380 2580 504 2625 non
549 2560 743 2643 potui.

589 2680 714 2747 Cur
757 2702 883 2747 non
925 2680 1363 2766 frisingensem
1418 2682 1693 2765 priorem
1750 2680 1818 2746 in
1871 2682 2107 2748 edendo
2149 2685 2402 2749 secutus
2461 2683 2600 2761 sim,

377 2800 485 2867 sed
551 2803 1012 2886 scaphusanum
1087 2805 1151 2868 et
1236 2802 1695 2868 berolinensem
1767 2802 1967 2869 multo
2042 2803 2153 2867 illo
2223 2804 2601 2869 recentiores

379 2924 568 2988 duces
623 2922 1124 2988 modestissimae
1186 2921 1635 3007 recognitionis
1696 2942 1874 2989 meae
1930 2923 2357 3003 adhibuerim,
2417 2925 2481 2988 id
2535 2923 2601 2987 in

378 3042 542 3108 libro
587 3045 943 3127 germanice
990 3044 1224 3127 scripto
1271 3045 1555 3129 exposui,
1617 3044 1718 3109 cui
1761 3044 2023 3109 titulum
2063 3044 2185 3109 feci
2226 3045 2599 3130 vorschlage

377 3163 530 3228 iiber
576 3163 676 3228 die
723 3166 848 3242 art,
898 3164 1010 3229 auf
1043 3164 1279 3229 welche
1322 3166 1458 3229 eine
1505 3166 1607 3230 fiir
1648 3165 1747 3230 die
1793 3166 2227 3232 wissenschaft
2270 3168 2598 3233 verwend-

380 3283 528 3349 bare
577 3283 853 3368 ausgabe
900 3284 1009 3349 der
1066 3287 1494 3369 sogenannten
1556 3286 1957 3371 septuaginta
2017 3288 2390 3372 hergestellt
2439 3309 2599 3355 wer-

381 3402 501 3467 den
542 3423 619 3469 zu
662 3404 910 3468 konnen
955 3404 1216 3468 scheint.

595 3524 954 3608 Scripturae
1018 3522 1506 3607 discrepantiam
1580 3544 1707 3590 non
1769 3528 2056 3608 poteram
2122 3525 2367 3591 adicere
2430 3526 2595 3593 inte-

379 3664 594 3730 gram:
642 3664 753 3709 cur
788 3662 915 3708 non
959 3643 1272 3727 potuerim
1291 3692 1306 3721 ‚
1352 3643 1569 3709 taedet
1614 3664 1919 3728 exponere
1952 3647 2017 3709 et
2061 3646 2247 3711 facile
2292 3647 2603 3715 diuinabit

382 3767 488 3849 qui
528 3766 846 3830 fortunam
890 3784 1096 3829 meam
1138 3784 1249 3849 per
1292 3765 1404 3829 XL
1447 3764 1578 3829 iam
1625 3784 1821 3830 annos
1868 3765 2199 3832 aduersam
2238 3768 2434 3837 nouit.
2532 3768 2600 3833 id

378 3904 530 3951 uero
575 3885 809 3969 liquido
859 3887 1107 3952 constat
1162 3905 1349 3969 (1113111
1395 3886 1603 3969 exigui
1646 3886 1833 3969 pretii
1882 3888 2219 3969 adparatus
2267 3889 2357 3955 sit
2397 3890 2599 3973 qualis

379 4006 482 4070 hic
527 4025 703 4071 meus
761 3986 834 4070 611
889 4006 1146 4071 arbitrio
1166 4055 1181 4082 ‚
1239 4008 1612 4090 paupertate
1630 4054 1645 4085 ‚
1702 4003 2067 4074 infirmitate
2127 4008 2382 4075 editoris
2436 4010 2601 4077 sele·-

381 4129 538 4193 ctus.
639 4126 796 4191 meis
852 4126 1201 4192 rationibus
1261 4144 1420 4209 quae
1478 4126 1858 4193 inseruirent
1902 4130 2114 4194 omnia
2155 4149 2302 4195 cum
2360 4132 2598 4198 lectore

381 4247 874 4312 communicasse
916 4247 1074 4311 mihi
1118 4247 1351 4312 uideor.
1420 4248 1905 4333 orthographica
1944 4250 2127 4335 plura
2168 4251 2366 4317 adieci
2409 4275 2599 4337 quam

378 4384 493 4452 par
539 4366 676 4432 erat
717 4366 784 4433 in
823 4367 1020 4435 tantis
1063 4368 1399 4455 angustiis,
1458 4366 1570 4433 sed
1616 4369 1891 4438 sciebam
1937 4371 2281 4440 amicorum
2324 4394 2597 4461 quorun-
