3169 4941
2543 440 2614 500 59
2648 458 2659 469 .

307 618 340 677 1
389 604 648 688 stifieata
690 610 778 669 est
822 626 900 669 ex
955 626 1077 683 me,
1134 622 1260 669 non
1307 601 1473 688 quod
1515 602 1684 671 iusta
1730 602 1955 679 fuerit,
2014 602 2127 669 sed
2174 603 2341 689 quod
2384 615 2613 689 conpa‘-

393 708 636 775 ratione
692 706 864 777 illius
920 708 1132 775 minus
1185 707 1338 775 mali
1395 706 1647 786 fecerit,
1718 726 2116 793 nequaquam
2170 725 2401 793 uagam
2476 711 2616 775 tur<-

391 813 745 900 pitudinem
760 861 775 889 ‚
821 811 931 878 sed
973 811 1206 878 liberos
1240 811 1635 896 requirendo

567 921 650 983 Et
693 940 821 981 eece
863 925 1138 1000 effre-scus
1191 922 1278 981 est
1319 917 1530 997 frater
1573 921 1735 994 eiu-9,
1792 920 1849 979 et
1897 917 2059 981 dixit
2118 918 2189 980 OE
2224 917 2371 1001 quid
2412 918 2617 981 dim’m

286 1024 324 1079 5
389 1026 480 1085 est
519 1026 772 1106 propter
821 1026 880 1085 te
923 1019 1226 1085 maceria-‚2
1297 1025 1358 1083 et
1411 1024 1657 1085 uocauit
1710 1042 1918 1084 nomen
1962 1025 2095 1084 eius
2138 1022 2383 1085 Phar-ee.
2501 1039 2613 1105 pro

391 1125 666 1191 maceria
737 1123 1108 1189 diuisionem
1181 1121 1418 1207 Aquila
1500 1124 1566 1188 et
1640 1122 2054 1207 Symmachus
2134 1124 2614 1204 transtulerunt,

394 1227 560 1317 quod
608 1228 900 1295 hebraice
961 1225 1193 1293 dicitur
1247 1227 1506 1293 Pharos.
1592 1227 1687 1293 ab
1735 1246 1807 1292 eo
1864 1226 2059 1311 igitur
2105 1225 2270 1310 quod
2332 1225 2615 1294 diuiserit

391 1330 892 1397 membranulam
942 1329 1360 1397 secundarum
1375 1380 1391 1409 ‚
1452 1329 1777 1397 diuisionis
1832 1348 2061 1395 nomen
2106 1330 2366 1414 accepit.
2448 1329 2613 1396 unde

393 1437 460 1500 ct
496 1434 860 1513 Pharisaei,
908 1434 1014 1518 qui
1059 1452 1126 1500 se
1168 1435 1350 1517 quasi
1388 1433 1590 1501 iustos
1634 1454 1672 1500 a
1716 1434 1945 1521 populo
1992 1436 2440 1517 separauerant
2458 1483 2473 1511 ‚
2516 1432 2613 1499 di»

288 1545 358 1599 10
392 1539 513 1605 uisi
555 1539 1051 1625 appellabantur.

569 1646 714 1707 Post
749 1646 858 1707 hoc
897 1647 1052 1707 exiit
1082 1643 1295 1722 frater
1333 1646 1482 1721 eim,
1553 1647 1619 1705 in
1663 1647 1836 1707 ouius
1878 1662 2063 1707 manu
2116 1646 2247 1707 erat
2284 1645 2615 1707 coccinum:

393 1752 448 1811 εἰ
489 1751 732 1811 uocauit
767 1768 976 1810 nomen
1019 1750 1150 1809 eius
1194 1748 1372 1810 Zara.
1461 1748 1582 1811 hoc
1624 1765 1855 1811 nomen
1895 1745 2347 1839 interpretatur
2386 1745 2613 1813 oriens.

391 1849 526 1916 siue
567 1849 796 1934 igitur,
851 1850 998 1933 quia
1057 1850 1298 1935 primus
1354 1850 1674 1935 apparuit,
1732 1850 1867 1915 siue
1924 1849 2090 1932 quod
2148 1848 2409 1931 plurimi
2463 1848 2615 1915 iusti

393 1972 468 2019 ex
513 1972 586 2019 eo
635 1953 770 2019 nati
812 1955 994 2030 sunt,
1037 1954 1112 2019 ut
1151 1954 1216 2018 in
1257 1953 1420 2019 libro
1450 1952 1977 2037 Paralipomenon
2020 1952 2393 2031 continetur,
2434 1952 2614 2032 Zara,

287 2068 357 2123 15
391 2059 457 2124 id
499 2060 598 2124 cst
643 2058 880 2135 oriens,
927 2056 1280 2141 appellatus
1325 2060 1437 2123 est.

569 2164 712 2227 Post
765 2164 951 2226 uerba
993 2165 1138 2225 haee
1183 2166 1462 2245 peccauit
1507 2165 1785 2245 prineeps
1839 2164 2223 2226 amariorum
2277 2165 2441 2244 reyis
2486 2162 2615 2227 Ae-

387 2272 579 2351 gypti.
667 2264 778 2330 ubi
821 2282 936 2329 nos
995 2263 1320 2349 posuimus
1365 2263 1712 2348 principem
1749 2264 2163 2343 umal-iorum,
2218 2264 2285 2329 in
2342 2265 2611 2332 hebraeo

393 2369 698 2453 scriptum
761 2368 954 2435 habet
1019 2372 1284 2447 masech,
1369 2367 1530 2434 illud
1606 2366 1903 2446 uerbum,
1991 2367 2159 2451 quod
2223 2369 2290 2433 in
2362 2370 2613 2435 nomine

394 2474 562 2540 serui
605 2472 930 2540 Abraham
986 2470 1222 2540 dudum
1278 2473 1579 2557 legimus,
1638 2491 1823 2558 quem
1882 2491 1996 2538 nos
2056 2491 2388 2558 possumus
2438 2492 2613 2540 more

284 2591 358 2646 20
392 2577 571 2662 uulgi
622 2595 850 2642 uocare
905 2577 1286 2660 pincernam.
1404 2595 1522 2641 nec
1579 2576 1708 2642 uile
1769 2579 2029 2661 putetur
2084 2577 2391 2655 officium,
2468 2597 2614 2644 cum

393 2679 559 2763 apud
617 2700 799 2766 reges
873 2679 1174 2745 barbaros
1242 2697 1443 2764 usque
1515 2679 1735 2747 hodie
1762 2680 2070 2766 maximae
2140 2681 2463 2767 dignitatis
2530 2682 2615 2750 sit

391 2785 528 2870 regi
571 2785 876 2869 poculum
913 2783 1292 2868 porrexisse,
1339 2785 1558 2866 poetae
1606 2803 1854 2869 quoque
1897 2761 1973 2850 de
2006 2785 2319 2854 catamito
2358 2788 2425 2853 et
2460 2785 2613 2852 Ioue

393 2889 782 2972 scriptitent,
817 2888 983 2972 quod
1031 2887 1340 2953 amasium
1383 2906 1568 2954 suum
1604 2889 1759 2954 huic
1798 2888 2003 2955 officio
2045 2889 2438 2974 manciparit.

567 2995 649 3056 Et
687 3013 815 3056 eece
861 2997 1010 3057 uitis
1063 2997 1128 3058 in
1179 2997 1486 3077 conspectu
1524 3014 1653 3057 meo
1667 3041 1683 3070 ,
1743 2998 1799 3059 et
1841 2999 1904 3057 in
1940 2999 2068 3059 mte
2124 3000 2249 3060 tres
2292 2995 2615 3075 fundi‚et

283 3109 358 3166 25
391 3100 523 3180 ipsa
558 3100 918 3179 permirtum.
1009 3098 1140 3162 tres
1181 3096 1409 3162 fundos
1452 3095 1578 3162 tria
1620 3096 1874 3182 flagella
1918 3099 1985 3164 et
2026 3099 2156 3164 tres
2182 3157 2189 3163 .
2212 3117 2421 3166 ramos
2478 3099 2613 3166 siue

389 3200 764 3286 propagines
815 3199 1084 3266 hebraeo
1131 3219 1418 3266 sermone
1463 3199 1811 3284 significat,
1868 3221 2023 3286 quae
2082 3202 2161 3268 ab
2204 3202 2334 3270 illis
2376 3222 2612 3270 uocan
2648 3233 2659 3244 ·

390 3305 498 3370 tur
538 3309 848 3387 sariayim.
2600 3367 2607 3372 ,

563 3411 646 3473 Et
697 3409 950 3473 uz‘clebar
1003 3411 1162 3472 mihi
1225 3412 1352 3473 tria
1409 3412 1673 3492 eamktro
1726 3409 2203 3476 chondritorum
2246 3416 2614 3494 portarem
2564 3417 2579 3431 ’

391 3517 584 3596 eapite
640 3534 781 3576 meo
893 3531 1004 3595 pro
1049 3512 1252 3578 tribus
1299 3511 1591 3578 canistris
1638 3510 2111 3578 chondritorum
2170 3518 2295 3578 tres
2336 3517 2615 3599 cophinos

285 3624 356 3679 30
372 3618 626 3698 farinae
667 3615 732 3680 111
777 3616 1047 3682 hebraeo
1092 3616 1303 3682 habet.
1698 3676 1705 3680 .

563 3722 648 3786 Et
688 3729 818 3786 eece
861 3721 934 3786 de
968 3720 1180 3801 fluuio
1215 3720 1612 3805 ascendebant
1654 3724 1885 3804 ‘septem
1950 3723 2128 3784 boue-s·
2181 3725 2477 3805 speciosae
2533 3725 2613 3788 ad

388 3823 714 3888 uidendum
769 3828 826 3888 et
867 3825 1086 3888 electae
1129 3827 1444 3902 carnibus&
1505 3829 1562 3888 et
1602 3825 2005 3908 pascebantur
2040 3828 2106 3908 in
2158 3828 2311 3889 achi.
2401 3825 2499 3892 bis
2542 3827 2609 3893 in

528 3986 933 4052 4G0n38‚29
999 3987 1009 4056 Ι
1075 3987 1141 4042 11
1179 3943 2665 4060 601138,30114Ραι·α1α2,5116Θ19114Ο,11’

389 4072 459 4128 24
492 4075 600 4124 Gen
633 4072 721 4138 40,
759 4073 792 4126 9
833 4074 902 4128 10
931 4071 938 4140 Ι
969 4073 1041 4127 28
1078 4073 1188 4123 Gen
1222 4071 1307 4136 40,
1349 4070 1555 4137 16131
1596 4073 1706 4123 Gen
1738 4071 1823 4135 41,
1861 4072 1896 4126 2

529 4220 566 4275 5
605 4225 658 4271 ct
689 4221 897 4272 uocauit
931 4235 1111 4272 nomen
1149 4221 1258 4272 eius
1292 4221 1490 4271 Pharos
1526 4228 1594 4278 >
1631 4225 1667 4286 β
1698 4219 1705 4288 Ι
1740 4219 1898 4286 13s14
1932 4237 1996 4272 cx
2031 4237 2091 4272 eo
2126 4222 2252 4274 iusti
2290 4243 2336 4294 φ
2368 4224 2377 4292 Ι
2420 4225 2485 4279 19
2520 4242 2613 4291 po-

389 4307 584 4358 suimus
618 4323 657 4374 y
707 4305 719 4372 Ι
775 4304 845 4360 26
877 4306 1128 4358 hebraeus
1165 4322 1330 4358 sermo
1367 4324 1413 4376 φ
1461 4305 1470 4374 Ι
1523 4305 1592 4361 27
1634 4307 1877 4372 sariagim
1912 4313 2001 4376 βγ,
2044 4309 2239 4376 sai-igin
2276 4329 2322 4380 φ
2390 4310 2399 4378 Ι
2466 4310 2537 4368 28
2570 4323 2615 4365 oe

388 4391 474 4452 29
493 4391 839 4448 condi-iterum
875 4397 982 4469 βψ,
1022 4393 1341 4452 conditorum
1377 4411 1428 4464 γ
1501 4411 1556 4445 m
1592 4398 1629 4460 β
1668 4409 1816 4457 umor
1850 4411 2047 4448 uerum
2078 4395 2165 4446 uel
2196 4395 2253 4448 di
