<?xml version="1.0" encoding="UTF-8"?>
<!DOCTYPE html PUBLIC "-//W3C//DTD XHTML 1.0 Transitional//EN"
    "http://www.w3.org/TR/xhtml1/DTD/xhtml1-transitional.dtd">
<html xmlns="http://www.w3.org/1999/xhtml" xml:lang="en" lang="en">
 <head>
  <title>
</title>
<meta http-equiv="Content-Type" content="text/html;charset=utf-8" />
  <meta name='ocr-system' content='tesseract 3.04.00' />
  <meta name='ocr-capabilities' content='ocr_page ocr_carea ocr_par ocr_line ocrx_word'/>
</head>
<body>
  <div class='ocr_page' id='page_1' title='image "./genesisgraeceef00unkngoog_0060.png"; bbox 0 0 3169 4941; ppageno 0'>
   <div class='ocr_carea' id='block_1_1' title="bbox 1238 424 2570 490">
    <p class='ocr_par' dir='ltr' id='par_1_1' title="bbox 1238 424 2570 490">
     <span class='ocr_line' id='line_1_1' title="bbox 1238 424 2570 490; baseline 0.003 -4"><span class='ocrx_word' id='word_1_1' title='bbox 1238 463 1247 470; x_wconf 95' lang='lat'>-</span> <span class='ocrx_word' id='word_1_2' title='bbox 1304 424 1529 486; x_wconf 78' lang='lat' dir='ltr'>Genesis</span> <span class='ocrx_word' id='word_1_3' title='bbox 1539 431 1614 489; x_wconf 69' lang='grc' dir='ltr'><strong><em>ιθ.</em></strong></span> <span class='ocrx_word' id='word_1_4' title='bbox 2497 427 2570 490; x_wconf 74' lang='lat'><strong><em>33</em></strong></span> 
     </span>
    </p>
   </div>
   <div class='ocr_carea' id='block_1_2' title="bbox 244 585 2582 2553">
    <p class='ocr_par' dir='ltr' id='par_1_2' title="bbox 274 585 2575 993">
     <span class='ocr_line' id='line_1_2' title="bbox 274 585 2574 681; baseline 0.002 -25"><span class='ocrx_word' id='word_1_5' title='bbox 274 611 301 656; x_wconf 83' lang='lat'>1</span> <span class='ocrx_word' id='word_1_6' title='bbox 334 587 507 679; x_wconf 70' lang='grc' dir='ltr'><strong><em>ὕδωρ</em></strong></span> <span class='ocrx_word' id='word_1_7' title='bbox 546 586 645 670; x_wconf 83' lang='grc' dir='ltr'><strong><em>εἶς</em></strong></span> <span class='ocrx_word' id='word_1_8' title='bbox 684 587 1155 675; x_wconf 72' lang='grc' dir='ltr'><strong><em>κατακλυσμόν,</em></strong></span> <span class='ocrx_word' id='word_1_9' title='bbox 1201 587 1370 657; x_wconf 77' lang='grc' dir='ltr'><strong><em>ὥστε</em></strong></span> <span class='ocrx_word' id='word_1_10' title='bbox 1410 586 1758 680; x_wconf 75' lang='grc' dir='ltr'><strong><em>ἐξαλεῖψαι</em></strong></span> <span class='ocrx_word' id='word_1_11' title='bbox 1798 592 2022 657; x_wconf 81' lang='grc' dir='ltr'><strong><em>πᾶσαν</em></strong></span> <span class='ocrx_word' id='word_1_12' title='bbox 2065 585 2292 681; x_wconf 78' lang='grc' dir='ltr'><strong><em>σάρκα.</em></strong></span> <span class='ocrx_word' id='word_1_13' title='bbox 2392 593 2574 661; x_wconf 64' lang='grc' dir='ltr'><strong><em>1*καὶ</em></strong></span> 
     </span>
     <span class='ocr_line' id='line_1_3' title="bbox 337 691 2574 787; baseline 0.001 -25"><span class='ocrx_word' id='word_1_14' title='bbox 337 691 527 762; x_wconf 71' lang='grc' dir='ltr'><strong><em>ἔσται</em></strong></span> <span class='ocrx_word' id='word_1_15' title='bbox 569 694 649 762; x_wconf 84' lang='grc' dir='ltr'><strong><em>τὸ</em></strong></span> <span class='ocrx_word' id='word_1_16' title='bbox 691 693 880 775; x_wconf 81' lang='grc' dir='ltr'><strong><em>τόξον</em></strong></span> <span class='ocrx_word' id='word_1_17' title='bbox 920 719 1049 778; x_wconf 87' lang='grc' dir='ltr'><strong><em>μου</em></strong></span> <span class='ocrx_word' id='word_1_18' title='bbox 1082 691 1149 760; x_wconf 73' lang='grc' dir='ltr'><strong><em>ἐν</em></strong></span> <span class='ocrx_word' id='word_1_19' title='bbox 1187 703 1268 784; x_wconf 84' lang='grc' dir='ltr'><strong><em>τῇ</em></strong></span> <span class='ocrx_word' id='word_1_20' title='bbox 1307 693 1569 784; x_wconf 79' lang='grc' dir='ltr'><strong><em>νεφέλῃ,</em></strong></span> <span class='ocrx_word' id='word_1_21' title='bbox 1616 693 1726 761; x_wconf 76' lang='grc' dir='ltr'><strong><em>καὶ</em></strong></span> <span class='ocrx_word' id='word_1_22' title='bbox 1765 691 2026 783; x_wconf 68' lang='grc' dir='ltr'><strong><em>ὄψομαι</em></strong></span> <span class='ocrx_word' id='word_1_23' title='bbox 2054 698 2173 762; x_wconf 77' lang='grc' dir='ltr'><strong><em>τοῦ</em></strong></span> <span class='ocrx_word' id='word_1_24' title='bbox 2200 700 2574 787; x_wconf 80' lang='grc' dir='ltr'><strong><em>μνησθῆναι</em></strong></span> 
     </span>
     <span class='ocr_line' id='line_1_4' title="bbox 338 792 2574 926; baseline 0.002 -61"><span class='ocrx_word' id='word_1_25' title='bbox 338 797 665 887; x_wconf 80' lang='grc' dir='ltr'><strong><em>διαθήκην</em></strong></span> <span class='ocrx_word' id='word_1_26' title='bbox 708 795 974 866; x_wconf 78' lang='grc' dir='ltr'><strong><em>αἰώνιον</em></strong></span> <span class='ocrx_word' id='word_1_27' title='bbox 1014 794 1141 864; x_wconf 71' lang='grc' dir='ltr'><strong><em>ἀνὰ</em></strong></span> <span class='ocrx_word' id='word_1_28' title='bbox 1183 797 1387 882; x_wconf 81' lang='grc' dir='ltr'><strong><em>μέσον</em></strong></span> <span class='ocrx_word' id='word_1_29' title='bbox 1424 798 1586 926; x_wconf 72' lang='grc' dir='ltr'><strong><em>Ιἐμοῦ</em></strong></span> <span class='ocrx_word' id='word_1_30' title='bbox 1631 796 1745 865; x_wconf 76' lang='grc' dir='ltr'><strong><em>καὶ</em></strong></span> <span class='ocrx_word' id='word_1_31' title='bbox 1781 805 1898 888; x_wconf 81' lang='grc' dir='ltr'><strong><em>τῆς</em></strong></span> <span class='ocrx_word' id='word_1_32' title='bbox 1939 802 2054 888; x_wconf 82' lang='grc' dir='ltr'><strong><em>γῆς</em></strong></span> <span class='ocrx_word' id='word_1_33' title='bbox 2077 796 2193 865; x_wconf 83' lang='grc' dir='ltr'><strong><em>καὶ</em></strong></span> <span class='ocrx_word' id='word_1_34' title='bbox 2221 792 2346 868; x_wconf 72' lang='grc' dir='ltr'><strong><em>ἀνὰ</em></strong></span> <span class='ocrx_word' id='word_1_35' title='bbox 2373 800 2574 886; x_wconf 85' lang='grc' dir='ltr'><strong><em>μέσον</em></strong></span> 
     </span>
     <span class='ocr_line' id='line_1_5' title="bbox 342 898 2575 993; baseline 0.002 -26"><span class='ocrx_word' id='word_1_36' title='bbox 342 906 555 992; x_wconf 82' lang='grc' dir='ltr'><strong><em>ψυχῆς</em></strong></span> <span class='ocrx_word' id='word_1_37' title='bbox 610 898 817 991; x_wconf 81' lang='grc' dir='ltr'><strong><em>ζώσης</em></strong></span> <span class='ocrx_word' id='word_1_38' title='bbox 875 900 947 968; x_wconf 79' lang='grc' dir='ltr'><strong><em>ἒν</em></strong></span> <span class='ocrx_word' id='word_1_39' title='bbox 1000 900 1186 991; x_wconf 85' lang='grc' dir='ltr'><strong><em>πάσῃ</em></strong></span> <span class='ocrx_word' id='word_1_40' title='bbox 1247 898 1441 992; x_wconf 77' lang='grc' dir='ltr'><strong><em>σαρκί</em></strong></span> <span class='ocrx_word' id='word_1_41' title='bbox 1454 954 1471 985; x_wconf 90' lang='grc'><strong><em>,</em></strong></span> <span class='ocrx_word' id='word_1_42' title='bbox 1530 899 1571 992; x_wconf 78' lang='grc' dir='ltr'><em>ἤ</em></span> <span class='ocrx_word' id='word_1_43' title='bbox 1607 899 1788 970; x_wconf 89' lang='grc' dir='ltr'><strong><em>εστιν</em></strong></span> <span class='ocrx_word' id='word_1_44' title='bbox 1832 899 1953 968; x_wconf 74' lang='grc' dir='ltr'><strong><em>ἐπὶ</em></strong></span> <span class='ocrx_word' id='word_1_45' title='bbox 1998 912 2114 993; x_wconf 84' lang='grc' dir='ltr'><strong><em>τῆς</em></strong></span> <span class='ocrx_word' id='word_1_46' title='bbox 2162 908 2294 993; x_wconf 82' lang='grc' dir='ltr'><strong><em>γῆς.</em></strong></span> <span class='ocrx_word' id='word_1_47' title='bbox 2391 905 2575 972; x_wconf 69' lang='grc' dir='ltr'><strong><em>111καὶ</em></strong></span> 
     </span>
    </p>

    <p class='ocr_par' dir='ltr' id='par_1_3' title="bbox 275 999 2582 1512">
     <span class='ocr_line' id='line_1_6' title="bbox 275 999 2582 1131; baseline 0 -59"><span class='ocrx_word' id='word_1_48' title='bbox 275 1025 309 1072; x_wconf 69' lang='grc'><strong>5</strong></span> <span class='ocrx_word' id='word_1_49' title='bbox 344 999 531 1072; x_wconf 81' lang='grc' dir='ltr'><strong><em>εἶπεν</em></strong></span> <span class='ocrx_word' id='word_1_50' title='bbox 594 1002 633 1073; x_wconf 84' lang='grc' dir='ltr'><em>ὃ</em></span> <span class='ocrx_word' id='word_1_51' title='bbox 674 1005 842 1085; x_wconf 87' lang='grc' dir='ltr'><strong><em>θεὸς</em></strong></span> <span class='ocrx_word' id='word_1_52' title='bbox 897 1009 996 1094; x_wconf 75' lang='grc' dir='ltr'><strong><em>τῷ</em></strong></span> <span class='ocrx_word' id='word_1_53' title='bbox 1038 1011 1191 1072; x_wconf 82' lang='grc' dir='ltr'><strong><em>Νῶε</em></strong></span> <span class='ocrx_word' id='word_1_54' title='bbox 1240 1011 1455 1073; x_wconf 79' lang='grc' dir='ltr'><strong><em>Τοῦτο</em></strong></span> <span class='ocrx_word' id='word_1_55' title='bbox 1504 1003 1584 1073; x_wconf 78' lang='grc' dir='ltr'><strong><em>τό</em></strong></span> <span class='ocrx_word' id='word_1_56' title='bbox 1642 1009 1909 1095; x_wconf 88' lang='grc' dir='ltr'><strong><em>σημεῖον</em></strong></span> <span class='ocrx_word' id='word_1_57' title='bbox 1960 1013 2078 1095; x_wconf 82' lang='grc' dir='ltr'><strong><em>τῆς</em></strong></span> <span class='ocrx_word' id='word_1_58' title='bbox 2135 1005 2459 1131; x_wconf 79' lang='grc' dir='ltr'><strong><em>διαθήκης</em></strong></span> <span class='ocrx_word' id='word_1_59' title='bbox 2504 1001 2582 1099; x_wconf 85' lang='grc' dir='ltr'><strong><em>ἦς</em></strong></span> 
     </span>
     <span class='ocr_line' id='line_1_7' title="bbox 342 1105 2579 1203; baseline 0 -26"><span class='ocrx_word' id='word_1_60' title='bbox 342 1109 657 1199; x_wconf 73' lang='grc' dir='ltr'><strong><em>διεθέμην</em></strong></span> <span class='ocrx_word' id='word_1_61' title='bbox 716 1106 835 1176; x_wconf 78' lang='grc' dir='ltr'><strong><em>ἀνὰ</em></strong></span> <span class='ocrx_word' id='word_1_62' title='bbox 894 1108 1095 1194; x_wconf 89' lang='grc' dir='ltr'><strong><em>μέσον</em></strong></span> <span class='ocrx_word' id='word_1_63' title='bbox 1151 1108 1310 1193; x_wconf 75' lang='grc' dir='ltr'><strong><em>ἐμοῦ</em></strong></span> <span class='ocrx_word' id='word_1_64' title='bbox 1352 1108 1466 1176; x_wconf 77' lang='grc' dir='ltr'><strong><em>καὶ</em></strong></span> <span class='ocrx_word' id='word_1_65' title='bbox 1520 1105 1642 1176; x_wconf 78' lang='grc' dir='ltr'><strong><em>ἀνὰ</em></strong></span> <span class='ocrx_word' id='word_1_66' title='bbox 1682 1109 1888 1194; x_wconf 89' lang='grc' dir='ltr'><strong><em>μέσον</em></strong></span> <span class='ocrx_word' id='word_1_67' title='bbox 1944 1106 2164 1200; x_wconf 80' lang='grc' dir='ltr'><strong><em>πάσης</em></strong></span> <span class='ocrx_word' id='word_1_68' title='bbox 2221 1107 2492 1200; x_wconf 79' lang='grc' dir='ltr'><strong><em>σαρκός,</em></strong></span> <span class='ocrx_word' id='word_1_69' title='bbox 2538 1137 2579 1203; x_wconf 91' lang='grc' dir='ltr'><strong><em>η</em></strong></span> 
     </span>
     <span class='ocr_line' id='line_1_8' title="bbox 343 1207 2578 1304; baseline 0 -22"><span class='ocrx_word' id='word_1_70' title='bbox 343 1213 521 1282; x_wconf 72' lang='grc' dir='ltr'><strong><em>ἔστιν</em></strong></span> <span class='ocrx_word' id='word_1_71' title='bbox 559 1211 679 1280; x_wconf 76' lang='grc' dir='ltr'><strong><em>ἐπὶ</em></strong></span> <span class='ocrx_word' id='word_1_72' title='bbox 721 1240 836 1303; x_wconf 88' lang='grc' dir='ltr'><strong><em>της</em></strong></span> <span class='ocrx_word' id='word_1_73' title='bbox 876 1218 1006 1304; x_wconf 82' lang='grc' dir='ltr'><strong><em>γῆς.</em></strong></span> <span class='ocrx_word' id='word_1_74' title='bbox 1103 1207 1342 1302; x_wconf 74' lang='grc' dir='ltr'><strong><em>18ἦσαν</em></strong></span> <span class='ocrx_word' id='word_1_75' title='bbox 1385 1212 1458 1281; x_wconf 76' lang='grc' dir='ltr'><strong><em>δὲ</em></strong></span> <span class='ocrx_word' id='word_1_76' title='bbox 1502 1237 1569 1280; x_wconf 90' lang='grc' dir='ltr'><strong><em>οι</em></strong></span> <span class='ocrx_word' id='word_1_77' title='bbox 1609 1209 1741 1280; x_wconf 82' lang='grc' dir='ltr'><strong><em>υιοὶ</em></strong></span> <span class='ocrx_word' id='word_1_78' title='bbox 1790 1216 1944 1280; x_wconf 85' lang='grc' dir='ltr'><strong><em>Νῶε</em></strong></span> <span class='ocrx_word' id='word_1_79' title='bbox 1983 1238 2048 1281; x_wconf 90' lang='grc' dir='ltr'><strong><em>οι</em></strong></span> <span class='ocrx_word' id='word_1_80' title='bbox 2083 1212 2462 1296; x_wconf 71' lang='grc' dir='ltr'><strong><em>ἐξελθόντες</em></strong></span> <span class='ocrx_word' id='word_1_81' title='bbox 2503 1213 2578 1282; x_wconf 73' lang='grc' dir='ltr'><strong><em>ἐκ</em></strong></span> 
     </span>
     <span class='ocr_line' id='line_1_9' title="bbox 342 1310 2579 1409; baseline 0.001 -25"><span class='ocrx_word' id='word_1_82' title='bbox 342 1323 457 1408; x_wconf 82' lang='grc' dir='ltr'><strong><em>τῆς</em></strong></span> <span class='ocrx_word' id='word_1_83' title='bbox 500 1322 785 1404; x_wconf 80' lang='grc' dir='ltr'><strong><em>κιβωτοῦ</em></strong></span> <span class='ocrx_word' id='word_1_84' title='bbox 822 1314 992 1409; x_wconf 79' lang='grc' dir='ltr'><strong><em>Σήμ,</em></strong></span> <span class='ocrx_word' id='word_1_85' title='bbox 1040 1313 1234 1402; x_wconf 85' lang='grc' dir='ltr'><strong><em>Χάμ,</em></strong></span> <span class='ocrx_word' id='word_1_86' title='bbox 1275 1310 1534 1408; x_wconf 82' lang='grc' dir='ltr'><strong><em>Ἰάφεθ·</em></strong></span> <span class='ocrx_word' id='word_1_87' title='bbox 1595 1316 1762 1402; x_wconf 81' lang='grc' dir='ltr'><strong><em>Χᾶμ</em></strong></span> <span class='ocrx_word' id='word_1_88' title='bbox 1794 1316 1869 1384; x_wconf 75' lang='grc' dir='ltr'><strong><em>δὲ</em></strong></span> <span class='ocrx_word' id='word_1_89' title='bbox 1911 1311 1986 1407; x_wconf 83' lang='grc' dir='ltr'><strong><em>ἦν</em></strong></span> <span class='ocrx_word' id='word_1_90' title='bbox 2025 1317 2245 1408; x_wconf 86' lang='grc' dir='ltr'><strong><em>πατὴρ</em></strong></span> <span class='ocrx_word' id='word_1_91' title='bbox 2286 1315 2579 1388; x_wconf 82' lang='grc' dir='ltr'><strong><em>Χαναᾶν.</em></strong></span> 
     </span>
     <span class='ocr_line' id='line_1_10' title="bbox 354 1412 2580 1512; baseline 0.001 -24"><span class='ocrx_word' id='word_1_92' title='bbox 354 1426 413 1466; x_wconf 79' lang='lat'><strong><em>²⁹</em></strong></span> <span class='ocrx_word' id='word_1_93' title='bbox 426 1424 601 1511; x_wconf 79' lang='grc' dir='ltr'><strong><em>τρεῖς</em></strong></span> <span class='ocrx_word' id='word_1_94' title='bbox 639 1414 823 1490; x_wconf 79' lang='grc' dir='ltr'><strong><em>οὗτοί</em></strong></span> <span class='ocrx_word' id='word_1_95' title='bbox 866 1418 1030 1489; x_wconf 84' lang='grc' dir='ltr'><strong><em>εἶσιν</em></strong></span> <span class='ocrx_word' id='word_1_96' title='bbox 1074 1417 1207 1488; x_wconf 77' lang='grc' dir='ltr'><strong><em>υἱοὶ</em></strong></span> <span class='ocrx_word' id='word_1_97' title='bbox 1251 1426 1403 1488; x_wconf 86' lang='grc' dir='ltr'><strong><em>Νῶε</em></strong></span> <span class='ocrx_word' id='word_1_98' title='bbox 1418 1441 1433 1457; x_wconf 90' lang='grc'><em>·</em></span> <span class='ocrx_word' id='word_1_99' title='bbox 1493 1412 1634 1488; x_wconf 76' lang='grc' dir='ltr'><strong><em>ἀπὸ</em></strong></span> <span class='ocrx_word' id='word_1_100' title='bbox 1674 1419 1923 1488; x_wconf 85' lang='grc' dir='ltr'><strong><em>τούτων</em></strong></span> <span class='ocrx_word' id='word_1_101' title='bbox 1968 1417 2416 1512; x_wconf 74' lang='grc' dir='ltr'><strong><em>διεσπάρησαν</em></strong></span> <span class='ocrx_word' id='word_1_102' title='bbox 2460 1421 2580 1491; x_wconf 77' lang='grc' dir='ltr'><strong><em>ἐπὶ</em></strong></span> 
     </span>
    </p>

    <p class='ocr_par' dir='ltr' id='par_1_4' title="bbox 244 1520 2580 2031">
     <span class='ocr_line' id='line_1_11' title="bbox 244 1520 2576 1618; baseline 0.003 -29"><span class='ocrx_word' id='word_1_103' title='bbox 244 1543 313 1590; x_wconf 87' lang='lat'><strong><em>10</em></strong></span> <span class='ocrx_word' id='word_1_104' title='bbox 348 1531 575 1594; x_wconf 80' lang='grc' dir='ltr'><strong><em>πᾶσαν</em></strong></span> <span class='ocrx_word' id='word_1_105' title='bbox 617 1525 733 1615; x_wconf 85' lang='grc' dir='ltr'><strong><em>τὴν</em></strong></span> <span class='ocrx_word' id='word_1_106' title='bbox 769 1532 897 1616; x_wconf 80' lang='grc' dir='ltr'><strong><em>γῆν.</em></strong></span> <span class='ocrx_word' id='word_1_107' title='bbox 994 1523 1175 1592; x_wconf 73' lang='grc' dir='ltr'><strong><em>’θκαὶ</em></strong></span> <span class='ocrx_word' id='word_1_108' title='bbox 1232 1521 1467 1614; x_wconf 72' lang='grc' dir='ltr'><strong><em>ἤρξατο</em></strong></span> <span class='ocrx_word' id='word_1_109' title='bbox 1506 1531 1624 1592; x_wconf 64' lang='lat' dir='ltr'><strong><em>Nc?</em></strong></span> <span class='ocrx_word' id='word_1_110' title='bbox 1627 1549 1660 1592; x_wconf 89' lang='grc' dir='ltr'><strong><em>ε</em></strong></span> <span class='ocrx_word' id='word_1_111' title='bbox 1714 1520 2078 1614; x_wconf 67' lang='grc' dir='ltr'><strong><em>ἄνθρωπος</em></strong></span> <span class='ocrx_word' id='word_1_112' title='bbox 2128 1527 2402 1615; x_wconf 87' lang='grc' dir='ltr'><strong><em>γεωργὸς</em></strong></span> <span class='ocrx_word' id='word_1_113' title='bbox 2442 1535 2576 1618; x_wconf 82' lang='grc' dir='ltr'><strong><em>γῆς,</em></strong></span> 
     </span>
     <span class='ocr_line' id='line_1_12' title="bbox 347 1625 2580 1720; baseline -0.001 -22"><span class='ocrx_word' id='word_1_114' title='bbox 347 1630 461 1697; x_wconf 77' lang='grc' dir='ltr'><strong><em>καὶ</em></strong></span> <span class='ocrx_word' id='word_1_115' title='bbox 522 1625 867 1720; x_wconf 72' lang='grc' dir='ltr'><strong><em>ἐφύτευσεν</em></strong></span> <span class='ocrx_word' id='word_1_116' title='bbox 933 1626 1305 1714; x_wconf 81' lang='grc' dir='ltr'><strong><em>ἀμπελῶνα.</em></strong></span> <span class='ocrx_word' id='word_1_117' title='bbox 1405 1632 1465 1672; x_wconf 78' lang='lat'><strong><em>’¹</em></strong></span> <span class='ocrx_word' id='word_1_118' title='bbox 1480 1627 1596 1696; x_wconf 79' lang='grc' dir='ltr'><strong><em>καὶ</em></strong></span> <span class='ocrx_word' id='word_1_119' title='bbox 1660 1625 1848 1695; x_wconf 72' lang='grc' dir='ltr'><strong><em>ἔπιεν</em></strong></span> <span class='ocrx_word' id='word_1_120' title='bbox 1917 1626 1989 1695; x_wconf 75' lang='grc' dir='ltr'><strong><em>ἐκ</em></strong></span> <span class='ocrx_word' id='word_1_121' title='bbox 2053 1636 2169 1696; x_wconf 75' lang='grc' dir='ltr'><strong><em>τοῦ</em></strong></span> <span class='ocrx_word' id='word_1_122' title='bbox 2230 1626 2406 1700; x_wconf 77' lang='grc' dir='ltr'><strong><em>οἴνου</em></strong></span> <span class='ocrx_word' id='word_1_123' title='bbox 2465 1629 2580 1697; x_wconf 83' lang='grc' dir='ltr'><strong><em>καὶ</em></strong></span> 
     </span>
     <span class='ocr_line' id='line_1_13' title="bbox 347 1725 2579 1828; baseline 0 -26"><span class='ocrx_word' id='word_1_124' title='bbox 347 1729 697 1823; x_wconf 69' lang='grc' dir='ltr'><strong><em>ἐμεθύσθη</em></strong></span> <span class='ocrx_word' id='word_1_125' title='bbox 711 1786 729 1817; x_wconf 93' lang='grc'><strong><em>,</em></strong></span> <span class='ocrx_word' id='word_1_126' title='bbox 762 1731 874 1800; x_wconf 79' lang='grc' dir='ltr'><strong><em>καὶ</em></strong></span> <span class='ocrx_word' id='word_1_127' title='bbox 915 1730 1258 1821; x_wconf 77' lang='grc' dir='ltr'><strong><em>ἐγυμνώθη</em></strong></span> <span class='ocrx_word' id='word_1_128' title='bbox 1299 1729 1369 1798; x_wconf 77' lang='grc' dir='ltr'><strong><em>ἐν</em></strong></span> <span class='ocrx_word' id='word_1_129' title='bbox 1382 1815 1397 1828; x_wconf 37' lang='grc' dir='ltr'><strong>ο</strong></span> <span class='ocrx_word' id='word_1_130' title='bbox 1412 1737 1510 1820; x_wconf 74' lang='grc' dir='ltr'><strong><em>τῷ</em></strong></span> <span class='ocrx_word' id='word_1_131' title='bbox 1554 1727 1712 1820; x_wconf 73' lang='grc' dir='ltr'><strong><em>οἴκῳ</em></strong></span> <span class='ocrx_word' id='word_1_132' title='bbox 1752 1725 1966 1800; x_wconf 78' lang='grc' dir='ltr'><strong><em>αὖτοῦ.</em></strong></span> <span class='ocrx_word' id='word_1_133' title='bbox 2042 1731 2225 1800; x_wconf 68' lang='lat' dir='ltr'><strong><em>”nal</em></strong></span> <span class='ocrx_word' id='word_1_134' title='bbox 2253 1727 2388 1802; x_wconf 80' lang='grc' dir='ltr'><strong><em>εἶδε</em></strong></span> <span class='ocrx_word' id='word_1_135' title='bbox 2417 1734 2579 1820; x_wconf 82' lang='grc' dir='ltr'><strong><em>Χὰμ</em></strong></span> 
     </span>
     <span class='ocr_line' id='line_1_14' title="bbox 348 1829 2580 1927; baseline 0.001 -22"><span class='ocrx_word' id='word_1_136' title='bbox 348 1833 387 1906; x_wconf 84' lang='grc' dir='ltr'><em>ὃ</em></span> <span class='ocrx_word' id='word_1_137' title='bbox 425 1837 649 1927; x_wconf 83' lang='grc' dir='ltr'><strong><em>πατὴρ</em></strong></span> <span class='ocrx_word' id='word_1_138' title='bbox 692 1836 961 1903; x_wconf 84' lang='grc' dir='ltr'><strong><em>Χαναὰν</em></strong></span> <span class='ocrx_word' id='word_1_139' title='bbox 1003 1835 1117 1926; x_wconf 84' lang='grc' dir='ltr'><strong><em>τὴν</em></strong></span> <span class='ocrx_word' id='word_1_140' title='bbox 1154 1834 1471 1923; x_wconf 75' lang='grc' dir='ltr'><strong><em>γύμνωσιν</em></strong></span> <span class='ocrx_word' id='word_1_141' title='bbox 1511 1843 1629 1903; x_wconf 80' lang='grc' dir='ltr'><strong><em>τοῦ</em></strong></span> <span class='ocrx_word' id='word_1_142' title='bbox 1673 1835 1928 1926; x_wconf 87' lang='grc' dir='ltr'><strong><em>πατρὸς</em></strong></span> <span class='ocrx_word' id='word_1_143' title='bbox 1972 1829 2169 1905; x_wconf 72' lang='grc' dir='ltr'><strong><em>αὐτοῦ</em></strong></span> <span class='ocrx_word' id='word_1_144' title='bbox 2183 1890 2200 1922; x_wconf 94' lang='grc'><strong><em>,</em></strong></span> <span class='ocrx_word' id='word_1_145' title='bbox 2248 1836 2364 1905; x_wconf 76' lang='grc' dir='ltr'><strong><em>καὶ</em></strong></span> <span class='ocrx_word' id='word_1_146' title='bbox 2400 1836 2580 1920; x_wconf 78' lang='grc' dir='ltr'><strong><em>ἐξελ-</em></strong></span> 
     </span>
     <span class='ocr_line' id='line_1_15' title="bbox 348 1932 2580 2031; baseline 0.001 -23"><span class='ocrx_word' id='word_1_147' title='bbox 348 1941 497 2008; x_wconf 78' lang='grc' dir='ltr'><strong><em>θών</em></strong></span> <span class='ocrx_word' id='word_1_148' title='bbox 537 1934 867 2031; x_wconf 73' lang='grc' dir='ltr'><strong><em>ἀνήγγειλε</em></strong></span> <span class='ocrx_word' id='word_1_149' title='bbox 903 1944 1047 2020; x_wconf 85' lang='grc' dir='ltr'><strong><em>τοῖς</em></strong></span> <span class='ocrx_word' id='word_1_150' title='bbox 1082 1938 1268 2008; x_wconf 79' lang='grc' dir='ltr'><strong><em>δυσὶν</em></strong></span> <span class='ocrx_word' id='word_1_151' title='bbox 1306 1932 1620 2030; x_wconf 75' lang='grc' dir='ltr'><strong><em>ἀδελφοῖς</em></strong></span> <span class='ocrx_word' id='word_1_152' title='bbox 1653 1932 1846 2007; x_wconf 73' lang='grc' dir='ltr'><strong><em>αὐτοῦ</em></strong></span> <span class='ocrx_word' id='word_1_153' title='bbox 1886 1937 2029 2022; x_wconf 71' lang='grc' dir='ltr'><strong><em>ἔξω.</em></strong></span> <span class='ocrx_word' id='word_1_154' title='bbox 2127 1943 2185 1984; x_wconf 72' lang='lat'><strong><em>²⁸</em></strong></span> <span class='ocrx_word' id='word_1_155' title='bbox 2200 1941 2313 2010; x_wconf 82' lang='grc' dir='ltr'><strong><em>καὶ</em></strong></span> <span class='ocrx_word' id='word_1_156' title='bbox 2343 1941 2580 2030; x_wconf 82' lang='grc' dir='ltr'><strong><em>λαβόν-</em></strong></span> 
     </span>
    </p>

    <p class='ocr_par' dir='ltr' id='par_1_5' title="bbox 250 2037 2582 2553">
     <span class='ocr_line' id='line_1_16' title="bbox 250 2037 2579 2136; baseline 0.002 -24"><span class='ocrx_word' id='word_1_157' title='bbox 250 2065 317 2112; x_wconf 71' lang='grc' dir='ltr'><strong><em>ιῡ</em></strong></span> <span class='ocrx_word' id='word_1_158' title='bbox 348 2069 458 2125; x_wconf 84' lang='grc' dir='ltr'><strong><em>τες</em></strong></span> <span class='ocrx_word' id='word_1_159' title='bbox 489 2045 629 2136; x_wconf 82' lang='grc' dir='ltr'><strong><em>Σὴμ</em></strong></span> <span class='ocrx_word' id='word_1_160' title='bbox 684 2043 796 2112; x_wconf 79' lang='grc' dir='ltr'><strong><em>καὶ</em></strong></span> <span class='ocrx_word' id='word_1_161' title='bbox 832 2037 1067 2134; x_wconf 85' lang='grc' dir='ltr'><strong><em>Ἰάφεθ</em></strong></span> <span class='ocrx_word' id='word_1_162' title='bbox 1118 2043 1196 2112; x_wconf 79' lang='grc' dir='ltr'><strong><em>τὸ</em></strong></span> <span class='ocrx_word' id='word_1_163' title='bbox 1251 2040 1507 2129; x_wconf 78' lang='grc' dir='ltr'><strong><em>ἱμάτιον</em></strong></span> <span class='ocrx_word' id='word_1_164' title='bbox 1564 2043 1894 2112; x_wconf 75' lang='grc' dir='ltr'><strong><em>ἐπέθεντο</em></strong></span> <span class='ocrx_word' id='word_1_165' title='bbox 1949 2042 2069 2112; x_wconf 77' lang='grc' dir='ltr'><strong><em>ἐπὶ</em></strong></span> <span class='ocrx_word' id='word_1_166' title='bbox 2120 2046 2204 2113; x_wconf 83' lang='grc' dir='ltr'><strong><em>τὰ</em></strong></span> <span class='ocrx_word' id='word_1_167' title='bbox 2250 2045 2364 2114; x_wconf 84' lang='grc' dir='ltr'><strong><em>δύο</em></strong></span> <span class='ocrx_word' id='word_1_168' title='bbox 2406 2054 2579 2116; x_wconf 79' lang='grc' dir='ltr'><strong><em>νῶτα</em></strong></span> 
     </span>
     <span class='ocr_line' id='line_1_17' title="bbox 351 2142 2581 2242; baseline 0.001 -25"><span class='ocrx_word' id='word_1_169' title='bbox 351 2142 594 2234; x_wconf 73' lang='grc' dir='ltr'><strong><em>αὐτῶν,</em></strong></span> <span class='ocrx_word' id='word_1_170' title='bbox 644 2149 758 2216; x_wconf 79' lang='grc' dir='ltr'><strong><em>καὶ</em></strong></span> <span class='ocrx_word' id='word_1_171' title='bbox 802 2145 1263 2239; x_wconf 75' lang='grc' dir='ltr'><strong><em>ἐπορεύθησαν</em></strong></span> <span class='ocrx_word' id='word_1_172' title='bbox 1305 2145 1794 2238; x_wconf 84' lang='grc' dir='ltr'><strong><em>ὀπισθοφανῶς</em></strong></span> <span class='ocrx_word' id='word_1_173' title='bbox 1836 2147 1952 2215; x_wconf 78' lang='grc' dir='ltr'><strong><em>καὶ</em></strong></span> <span class='ocrx_word' id='word_1_174' title='bbox 1988 2149 2431 2241; x_wconf 82' lang='grc' dir='ltr'><strong><em>συνεκάλυψαν</em></strong></span> <span class='ocrx_word' id='word_1_175' title='bbox 2464 2151 2581 2242; x_wconf 89' lang='grc' dir='ltr'><strong><em>τὴν</em></strong></span> 
     </span>
     <span class='ocr_line' id='line_1_18' title="bbox 350 2246 2582 2342; baseline 0.002 -23"><span class='ocrx_word' id='word_1_176' title='bbox 350 2251 678 2340; x_wconf 80' lang='grc' dir='ltr'><strong><em>γύμνωσιν</em></strong></span> <span class='ocrx_word' id='word_1_177' title='bbox 724 2259 842 2320; x_wconf 81' lang='grc' dir='ltr'><strong><em>τοῦ</em></strong></span> <span class='ocrx_word' id='word_1_178' title='bbox 887 2251 1141 2342; x_wconf 84' lang='grc' dir='ltr'><strong><em>πατρὸς</em></strong></span> <span class='ocrx_word' id='word_1_179' title='bbox 1178 2249 1385 2320; x_wconf 76' lang='grc' dir='ltr'><strong><em>αὐτῶν</em></strong></span> <span class='ocrx_word' id='word_1_180' title='bbox 1399 2275 1416 2291; x_wconf 90' lang='grc'><em>·</em></span> <span class='ocrx_word' id='word_1_181' title='bbox 1473 2250 1589 2319; x_wconf 76' lang='grc' dir='ltr'><strong><em>καὶ</em></strong></span> <span class='ocrx_word' id='word_1_182' title='bbox 1629 2250 1708 2319; x_wconf 90' lang='grc' dir='ltr'><strong><em>τὸ</em></strong></span> <span class='ocrx_word' id='word_1_183' title='bbox 1751 2248 2115 2340; x_wconf 89' lang='grc' dir='ltr'><strong><em>πρόσωπον</em></strong></span> <span class='ocrx_word' id='word_1_184' title='bbox 2161 2246 2376 2321; x_wconf 74' lang='grc' dir='ltr'><strong><em>αὐτῶν</em></strong></span> <span class='ocrx_word' id='word_1_185' title='bbox 2426 2251 2582 2323; x_wconf 82' lang='grc' dir='ltr'><strong><em>ὄπι·-</em></strong></span> 
     </span>
     <span class='ocr_line' id='line_1_19' title="bbox 354 2349 2578 2446; baseline 0.001 -22"><span class='ocrx_word' id='word_1_186' title='bbox 354 2363 747 2446; x_wconf 84' lang='grc' dir='ltr'><strong><em>σθοφανῶς,</em></strong></span> <span class='ocrx_word' id='word_1_187' title='bbox 820 2355 935 2424; x_wconf 82' lang='grc' dir='ltr'><strong><em>καὶ</em></strong></span> <span class='ocrx_word' id='word_1_188' title='bbox 993 2356 1109 2445; x_wconf 86' lang='grc' dir='ltr'><strong><em>τὴν</em></strong></span> <span class='ocrx_word' id='word_1_189' title='bbox 1148 2355 1469 2443; x_wconf 76' lang='grc' dir='ltr'><strong><em>γύμνωσιν</em></strong></span> <span class='ocrx_word' id='word_1_190' title='bbox 1511 2362 1630 2423; x_wconf 80' lang='grc' dir='ltr'><strong><em>τοῦ</em></strong></span> <span class='ocrx_word' id='word_1_191' title='bbox 1671 2354 1926 2440; x_wconf 85' lang='grc' dir='ltr'><strong><em>πατρὸς</em></strong></span> <span class='ocrx_word' id='word_1_192' title='bbox 1967 2349 2181 2424; x_wconf 78' lang='grc' dir='ltr'><strong><em>αὗτῶν</em></strong></span> <span class='ocrx_word' id='word_1_193' title='bbox 2224 2349 2340 2424; x_wconf 82' lang='grc' dir='ltr'><strong><em>οὗκ</em></strong></span> <span class='ocrx_word' id='word_1_194' title='bbox 2383 2351 2578 2427; x_wconf 77' lang='grc' dir='ltr'><strong><em>εἶδον.</em></strong></span> 
     </span>
     <span class='ocr_line' id='line_1_20' title="bbox 360 2452 2580 2553; baseline 0 -23"><span class='ocrx_word' id='word_1_195' title='bbox 360 2460 713 2553; x_wconf 59' lang='grc' dir='ltr'><strong><em>Ἂέξένηψε</em></strong></span> <span class='ocrx_word' id='word_1_196' title='bbox 765 2460 839 2530; x_wconf 78' lang='grc' dir='ltr'><strong><em>δὲ</em></strong></span> <span class='ocrx_word' id='word_1_197' title='bbox 880 2466 1035 2529; x_wconf 84' lang='grc' dir='ltr'><strong><em>Νῶε</em></strong></span> <span class='ocrx_word' id='word_1_198' title='bbox 1090 2452 1229 2530; x_wconf 78' lang='grc' dir='ltr'><strong><em>ἀπὸ</em></strong></span> <span class='ocrx_word' id='word_1_199' title='bbox 1266 2465 1383 2528; x_wconf 77' lang='grc' dir='ltr'><strong><em>τοῦ</em></strong></span> <span class='ocrx_word' id='word_1_200' title='bbox 1431 2455 1638 2545; x_wconf 75' lang='grc' dir='ltr'><strong><em>οἴνου,</em></strong></span> <span class='ocrx_word' id='word_1_201' title='bbox 1696 2457 1807 2527; x_wconf 79' lang='grc' dir='ltr'><strong><em>καὶ</em></strong></span> <span class='ocrx_word' id='word_1_202' title='bbox 1846 2457 2039 2547; x_wconf 71' lang='grc' dir='ltr'><strong><em>ἔγνω,</em></strong></span> <span class='ocrx_word' id='word_1_203' title='bbox 2101 2458 2226 2530; x_wconf 78' lang='grc' dir='ltr'><strong><em>ὅσα</em></strong></span> <span class='ocrx_word' id='word_1_204' title='bbox 2268 2457 2580 2551; x_wconf 71' lang='grc' dir='ltr'><strong><em>ἐποίησεν</em></strong></span> 
     </span>
    </p>
   </div>
   <div class='ocr_carea' id='block_1_3' title="bbox 246 2711 2586 4521">
    <p class='ocr_par' dir='ltr' id='par_1_6' title="bbox 355 2711 2584 3737">
     <span class='ocr_line' id='line_1_21' title="bbox 496 2711 2574 2783; baseline 0 -14"><span class='ocrx_word' id='word_1_205' title='bbox 496 2716 529 2769; x_wconf 99' lang='grc'>1</span> <span class='ocrx_word' id='word_1_206' title='bbox 567 2729 704 2769; x_wconf 82' lang='grc' dir='ltr'><strong><em>ωστε</em></strong></span> <span class='ocrx_word' id='word_1_207' title='bbox 738 2711 1021 2777; x_wconf 72' lang='lat' dir='ltr'>Abomrtz,</span> <span class='ocrx_word' id='word_1_208' title='bbox 1068 2732 1139 2773; x_wconf 83' lang='grc' dir='ltr'><strong><em>ως</em></strong></span> <span class='ocrx_word' id='word_1_209' title='bbox 1180 2729 1259 2773; x_wconf 84' lang='grc' dir='ltr'><strong><em>εις</em></strong></span> <span class='ocrx_word' id='word_1_210' title='bbox 1293 2712 1339 2765; x_wconf 85' lang='grc' dir='ltr'><strong>Ε</strong></span> <span class='ocrx_word' id='word_1_211' title='bbox 1368 2713 1379 2782; x_wconf 91' lang='grc' dir='ltr'>Ι</span> <span class='ocrx_word' id='word_1_212' title='bbox 1416 2712 1452 2767; x_wconf 79' lang='grc'><strong>2</strong></span> <span class='ocrx_word' id='word_1_213' title='bbox 1485 2731 1600 2783; x_wconf 86' lang='grc' dir='ltr'><strong><em>μου</em></strong></span> <span class='ocrx_word' id='word_1_214' title='bbox 1635 2722 1703 2774; x_wconf 97' lang='grc'>&gt;</span> <span class='ocrx_word' id='word_1_215' title='bbox 1739 2713 1790 2769; x_wconf 92' lang='lat' dir='ltr'><strong>D</strong></span> <span class='ocrx_word' id='word_1_216' title='bbox 1815 2714 1960 2767; x_wconf 72' lang='lat' dir='ltr'><strong>teste</strong></span> <span class='ocrx_word' id='word_1_217' title='bbox 1995 2711 2194 2769; x_wconf 70' lang='lat' dir='ltr'><strong>Grabio</strong></span> <span class='ocrx_word' id='word_1_218' title='bbox 2242 2714 2254 2783; x_wconf 91' lang='grc' dir='ltr'>Ι</span> <span class='ocrx_word' id='word_1_219' title='bbox 2299 2713 2334 2767; x_wconf 82' lang='grc'>2</span> <span class='ocrx_word' id='word_1_220' title='bbox 2375 2733 2480 2767; x_wconf 83' lang='grc' dir='ltr'><strong><em>του</em></strong></span> <span class='ocrx_word' id='word_1_221' title='bbox 2513 2714 2574 2769; x_wconf 83' lang='lat' dir='ltr'><strong><em>in</em></strong></span> 
     </span>
     <span class='ocr_line' id='line_1_22' title="bbox 355 2798 2576 2871; baseline -0.001 -14"><span class='ocrx_word' id='word_1_222' title='bbox 355 2818 545 2857; x_wconf 73' lang='lat' dir='ltr'><strong>rasura</strong></span> <span class='ocrx_word' id='word_1_223' title='bbox 588 2802 823 2871; x_wconf 80' lang='lat' dir='ltr'><strong>quinque</strong></span> <span class='ocrx_word' id='word_1_224' title='bbox 856 2800 1139 2855; x_wconf 77' lang='lat' dir='ltr'><strong>literarum</strong></span> <span class='ocrx_word' id='word_1_225' title='bbox 1176 2799 1407 2857; x_wconf 75' lang='lat' dir='ltr'><strong>aliarum</strong></span> <span class='ocrx_word' id='word_1_226' title='bbox 1463 2798 1651 2868; x_wconf 77' lang='lat' dir='ltr'><strong>capaci</strong></span> <span class='ocrx_word' id='word_1_227' title='bbox 1696 2798 1746 2853; x_wconf 88' lang='lat' dir='ltr'>A</span> <span class='ocrx_word' id='word_1_228' title='bbox 1767 2840 1782 2855; x_wconf 89' lang='lat'><strong>.</strong></span> <span class='ocrx_word' id='word_1_229' title='bbox 1843 2802 1968 2855; x_wconf 70' lang='lat' dir='ltr'><strong>ante</strong></span> <span class='ocrx_word' id='word_1_230' title='bbox 2014 2820 2113 2854; x_wconf 81' lang='grc' dir='ltr'><strong><em>του</em></strong></span> <span class='ocrx_word' id='word_1_231' title='bbox 2150 2802 2217 2870; x_wconf 87' lang='grc' dir='ltr'>-Ι-</span> <span class='ocrx_word' id='word_1_232' title='bbox 2255 2819 2427 2867; x_wconf 79' lang='grc' dir='ltr'><strong><em>αυτην</em></strong></span> <span class='ocrx_word' id='word_1_233' title='bbox 2462 2816 2576 2870; x_wconf 76' lang='lat' dir='ltr'><strong><em>ary,</em></strong></span> 
     </span>
     <span class='ocr_line' id='line_1_23' title="bbox 358 2885 2577 2958; baseline -0.001 -17"><span class='ocrx_word' id='word_1_234' title='bbox 358 2890 425 2958; x_wconf 82' lang='grc' dir='ltr'>-Ι-</span> <span class='ocrx_word' id='word_1_235' title='bbox 460 2906 592 2941; x_wconf 83' lang='grc' dir='ltr'><strong><em>αυτο</em></strong></span> <span class='ocrx_word' id='word_1_236' title='bbox 631 2903 661 2941; x_wconf 80' lang='lat' dir='ltr'><strong>c</strong></span> <span class='ocrx_word' id='word_1_237' title='bbox 690 2887 701 2957; x_wconf 92' lang='grc' dir='ltr'>Ι</span> <span class='ocrx_word' id='word_1_238' title='bbox 730 2888 765 2941; x_wconf 85' lang='grc'><strong>3</strong></span> <span class='ocrx_word' id='word_1_239' title='bbox 801 2886 1071 2953; x_wconf 75' lang='grc' dir='ltr'><strong><em>διαθηκης</em></strong></span> <span class='ocrx_word' id='word_1_240' title='bbox 1110 2904 1343 2939; x_wconf 82' lang='grc' dir='ltr'><strong><em>αιωνιου</em></strong></span> <span class='ocrx_word' id='word_1_241' title='bbox 1376 2887 1489 2939; x_wconf 77' lang='lat' dir='ltr'><strong><em>mtz</em></strong></span> <span class='ocrx_word' id='word_1_242' title='bbox 1518 2888 1528 2951; x_wconf 94' lang='grc' dir='ltr'>Ι</span> <span class='ocrx_word' id='word_1_243' title='bbox 1556 2886 1594 2940; x_wconf 86' lang='lat'><strong>3</strong></span> <span class='ocrx_word' id='word_1_244' title='bbox 1626 2885 1744 2941; x_wconf 78' lang='lat' dir='ltr'><strong>loco</strong></span> <span class='ocrx_word' id='word_1_245' title='bbox 1781 2904 1925 2956; x_wconf 77' lang='grc' dir='ltr'><strong><em>εμου</em></strong></span> <span class='ocrx_word' id='word_1_246' title='bbox 1958 2902 1988 2941; x_wconf 87' lang='lat' dir='ltr'>r</span> <span class='ocrx_word' id='word_1_247' title='bbox 2026 2904 2128 2939; x_wconf 82' lang='grc' dir='ltr'><strong><em>του</em></strong></span> <span class='ocrx_word' id='word_1_248' title='bbox 2167 2892 2307 2940; x_wconf 78' lang='grc' dir='ltr'><strong><em>θεον</em></strong></span> <span class='ocrx_word' id='word_1_249' title='bbox 2352 2885 2362 2955; x_wconf 96' lang='grc' dir='ltr'>Ι</span> <span class='ocrx_word' id='word_1_250' title='bbox 2412 2887 2447 2939; x_wconf 85' lang='grc'><strong>3</strong></span> <span class='ocrx_word' id='word_1_251' title='bbox 2482 2905 2577 2940; x_wconf 75' lang='grc' dir='ltr'><strong><em>και</em></strong></span> 
     </span>
     <span class='ocr_line' id='line_1_24' title="bbox 356 2969 2581 3045; baseline -0.001 -16"><span class='ocrx_word' id='word_1_252' title='bbox 356 2994 453 3043; x_wconf 82' lang='grc' dir='ltr'><strong><em>της</em></strong></span> <span class='ocrx_word' id='word_1_253' title='bbox 488 2993 591 3045; x_wconf 83' lang='grc' dir='ltr'><strong><em>γης</em></strong></span> <span class='ocrx_word' id='word_1_254' title='bbox 630 2983 698 3035; x_wconf 98' lang='grc'>&gt;</span> <span class='ocrx_word' id='word_1_255' title='bbox 722 2971 821 3027; x_wconf 82' lang='grc' dir='ltr'><strong><em>ΔΙ)</em></strong></span> <span class='ocrx_word' id='word_1_256' title='bbox 857 2972 1019 3043; x_wconf 74' lang='lat' dir='ltr'><strong>[tonte</strong></span> <span class='ocrx_word' id='word_1_257' title='bbox 1050 2969 1275 3042; x_wconf 74' lang='lat' dir='ltr'><strong>Grabio]</strong></span> <span class='ocrx_word' id='word_1_258' title='bbox 1310 2970 1525 3036; x_wconf 73' lang='lat' dir='ltr'>EmrtZ,</span> <span class='ocrx_word' id='word_1_259' title='bbox 1577 2971 1770 3027; x_wconf 85' lang='lat' dir='ltr'><strong>horum</strong></span> <span class='ocrx_word' id='word_1_260' title='bbox 1802 2971 1920 3028; x_wconf 79' lang='lat' dir='ltr'><strong>loco</strong></span> <span class='ocrx_word' id='word_1_261' title='bbox 1955 2992 2051 3026; x_wconf 78' lang='grc' dir='ltr'><strong><em>και</em></strong></span> <span class='ocrx_word' id='word_1_262' title='bbox 2089 2990 2248 3045; x_wconf 87' lang='grc' dir='ltr'><strong><em>υμων</em></strong></span> <span class='ocrx_word' id='word_1_263' title='bbox 2285 2986 2314 3026; x_wconf 81' lang='grc' dir='ltr'><strong><em>ο</em></strong></span> <span class='ocrx_word' id='word_1_264' title='bbox 2343 2970 2354 3042; x_wconf 94' lang='grc' dir='ltr'>Ι</span> <span class='ocrx_word' id='word_1_265' title='bbox 2382 2972 2420 3025; x_wconf 88' lang='grc'>4</span> <span class='ocrx_word' id='word_1_266' title='bbox 2454 2973 2581 3027; x_wconf 74' lang='lat' dir='ltr'><strong>ante</strong></span> 
     </span>
     <span class='ocr_line' id='line_1_25' title="bbox 360 3056 2574 3133; baseline -0 -20"><span class='ocrx_word' id='word_1_267' title='bbox 360 3072 546 3131; x_wconf 83' lang='grc' dir='ltr'><strong><em>ψυχης</em></strong></span> <span class='ocrx_word' id='word_1_268' title='bbox 580 3063 643 3127; x_wconf 82' lang='grc' dir='ltr'>-Ι-</span> <span class='ocrx_word' id='word_1_269' title='bbox 683 3075 865 3127; x_wconf 82' lang='grc' dir='ltr'><strong><em>πασης</em></strong></span> <span class='ocrx_word' id='word_1_270' title='bbox 899 3058 999 3113; x_wconf 87' lang='lat' dir='ltr'><strong><em>AD</em></strong></span> <span class='ocrx_word' id='word_1_271' title='bbox 1038 3058 1202 3128; x_wconf 68' lang='lat' dir='ltr'><strong>[teste</strong></span> <span class='ocrx_word' id='word_1_272' title='bbox 1238 3056 1461 3129; x_wconf 79' lang='lat' dir='ltr'><strong>Grabio]</strong></span> <span class='ocrx_word' id='word_1_273' title='bbox 1496 3058 1682 3114; x_wconf 74' lang='lat' dir='ltr'><strong>Emrtz</strong></span> <span class='ocrx_word' id='word_1_274' title='bbox 1723 3058 1734 3128; x_wconf 96' lang='grc' dir='ltr'>Ι</span> <span class='ocrx_word' id='word_1_275' title='bbox 1787 3058 1826 3113; x_wconf 97' lang='grc'>4</span> <span class='ocrx_word' id='word_1_276' title='bbox 1863 3076 1924 3113; x_wconf 83' lang='grc' dir='ltr'><strong><em>εν</em></strong></span> <span class='ocrx_word' id='word_1_277' title='bbox 1953 3072 2110 3131; x_wconf 80' lang='grc' dir='ltr'><strong><em>πασῃ</em></strong></span> <span class='ocrx_word' id='word_1_278' title='bbox 2145 3073 2306 3133; x_wconf 79' lang='grc' dir='ltr'><strong><em>σαρκι</em></strong></span> <span class='ocrx_word' id='word_1_279' title='bbox 2346 3067 2416 3118; x_wconf 95' lang='grc'>&gt;</span> <span class='ocrx_word' id='word_1_280' title='bbox 2450 3056 2496 3112; x_wconf 97' lang='grc' dir='ltr'><strong>Ε</strong></span> <span class='ocrx_word' id='word_1_281' title='bbox 2563 3056 2574 3129; x_wconf 93' lang='grc' dir='ltr'>Ι</span> 
     </span>
     <span class='ocr_line' id='line_1_26' title="bbox 358 3142 2580 3216; baseline -0.001 -14"><span class='ocrx_word' id='word_1_282' title='bbox 358 3147 395 3202; x_wconf 85' lang='lat'>4</span> <span class='ocrx_word' id='word_1_283' title='bbox 424 3148 577 3201; x_wconf 78' lang='grc' dir='ltr'><strong><em>πασὶ·</em></strong></span> <span class='ocrx_word' id='word_1_284' title='bbox 601 3164 630 3200; x_wconf 83' lang='lat' dir='ltr'><strong>z</strong></span> <span class='ocrx_word' id='word_1_285' title='bbox 660 3147 672 3215; x_wconf 96' lang='grc' dir='ltr'>Ι</span> <span class='ocrx_word' id='word_1_286' title='bbox 699 3145 738 3200; x_wconf 88' lang='grc'>4</span> <span class='ocrx_word' id='word_1_287' title='bbox 770 3166 803 3213; x_wconf 84' lang='grc' dir='ltr'><strong><em>η</em></strong></span> <span class='ocrx_word' id='word_1_288' title='bbox 835 3160 988 3201; x_wconf 78' lang='grc' dir='ltr'><strong><em>εστιν</em></strong></span> <span class='ocrx_word' id='word_1_289' title='bbox 1023 3161 1093 3215; x_wconf 80' lang='lat' dir='ltr'><strong><em>ay</em></strong></span> <span class='ocrx_word' id='word_1_290' title='bbox 1127 3147 1254 3200; x_wconf 78' lang='lat' dir='ltr'>ante</span> <span class='ocrx_word' id='word_1_291' title='bbox 1288 3162 1348 3199; x_wconf 86' lang='grc' dir='ltr'><strong><em>εν</em></strong></span> <span class='ocrx_word' id='word_1_292' title='bbox 1378 3145 1386 3215; x_wconf 97' lang='grc' dir='ltr'>Ι</span> <span class='ocrx_word' id='word_1_293' title='bbox 1416 3146 1453 3201; x_wconf 85' lang='grc'>4</span> <span class='ocrx_word' id='word_1_294' title='bbox 1486 3147 1615 3214; x_wconf 77' lang='lat' dir='ltr'><strong>post</strong></span> <span class='ocrx_word' id='word_1_295' title='bbox 1648 3160 1799 3199; x_wconf 84' lang='grc' dir='ltr'><strong><em>εστιν</em></strong></span> <span class='ocrx_word' id='word_1_296' title='bbox 1833 3145 1900 3214; x_wconf 90' lang='grc' dir='ltr'>-Ι-</span> <span class='ocrx_word' id='word_1_297' title='bbox 1931 3150 2052 3216; x_wconf 70' lang='grc' dir='ltr'><strong><em>μεθ</em></strong></span> <span class='ocrx_word' id='word_1_298' title='bbox 2085 3162 2243 3215; x_wconf 87' lang='grc' dir='ltr'><strong><em>υμων</em></strong></span> <span class='ocrx_word' id='word_1_299' title='bbox 2273 3142 2319 3198; x_wconf 98' lang='grc' dir='ltr'><strong>Ε</strong></span> <span class='ocrx_word' id='word_1_300' title='bbox 2349 3149 2359 3212; x_wconf 96' lang='grc' dir='ltr'>Ι</span> <span class='ocrx_word' id='word_1_301' title='bbox 2388 3146 2426 3199; x_wconf 89' lang='grc'><strong>4</strong></span> <span class='ocrx_word' id='word_1_302' title='bbox 2454 3146 2580 3213; x_wconf 78' lang='lat' dir='ltr'><strong>post</strong></span> 
     </span>
     <span class='ocr_line' id='line_1_27' title="bbox 359 3230 2577 3305; baseline -0.001 -17"><span class='ocrx_word' id='word_1_303' title='bbox 359 3253 462 3305; x_wconf 79' lang='grc' dir='ltr'><strong><em>γης</em></strong></span> <span class='ocrx_word' id='word_1_304' title='bbox 493 3234 655 3288; x_wconf 75' lang='lat' dir='ltr'>litera</span> <span class='ocrx_word' id='word_1_305' title='bbox 686 3248 795 3287; x_wconf 78' lang='lat' dir='ltr'><strong><em>una</em></strong></span> <span class='ocrx_word' id='word_1_306' title='bbox 835 3230 1073 3287; x_wconf 80' lang='lat' dir='ltr'><strong>radendo</strong></span> <span class='ocrx_word' id='word_1_307' title='bbox 1124 3231 1305 3287; x_wconf 79' lang='lat' dir='ltr'><strong>deleta</strong></span> <span class='ocrx_word' id='word_1_308' title='bbox 1338 3230 1388 3285; x_wconf 88' lang='lat' dir='ltr'>A</span> <span class='ocrx_word' id='word_1_309' title='bbox 1449 3232 1459 3300; x_wconf 93' lang='grc' dir='ltr'>Ι</span> <span class='ocrx_word' id='word_1_310' title='bbox 1520 3232 1553 3286; x_wconf 89' lang='grc'><strong>5</strong></span> <span class='ocrx_word' id='word_1_311' title='bbox 1592 3249 1715 3285; x_wconf 71' lang='lat' dir='ltr'><strong><em>eme</em></strong></span> <span class='ocrx_word' id='word_1_312' title='bbox 1748 3247 1778 3286; x_wconf 79' lang='lat' dir='ltr'><strong>c</strong></span> <span class='ocrx_word' id='word_1_313' title='bbox 1839 3232 1848 3300; x_wconf 94' lang='grc' dir='ltr'>Ι</span> <span class='ocrx_word' id='word_1_314' title='bbox 1912 3231 1948 3287; x_wconf 84' lang='grc'><strong>5</strong></span> <span class='ocrx_word' id='word_1_315' title='bbox 1975 3232 2104 3285; x_wconf 72' lang='lat' dir='ltr'><strong>ante</strong></span> <span class='ocrx_word' id='word_1_316' title='bbox 2141 3250 2172 3283; x_wconf 91' lang='grc' dir='ltr'><strong><em>ο</em></strong></span> <span class='ocrx_word' id='word_1_317' title='bbox 2207 3237 2339 3291; x_wconf 79' lang='grc' dir='ltr'><strong><em>θεος</em></strong></span> <span class='ocrx_word' id='word_1_318' title='bbox 2372 3231 2439 3300; x_wconf 90' lang='grc' dir='ltr'>-Ι-</span> <span class='ocrx_word' id='word_1_319' title='bbox 2477 3251 2577 3287; x_wconf 75' lang='grc' dir='ltr'><strong><em>κυ-</em></strong></span> 
     </span>
     <span class='ocr_line' id='line_1_28' title="bbox 360 3316 2574 3393; baseline 0 -20"><span class='ocrx_word' id='word_1_320' title='bbox 360 3338 483 3393; x_wconf 83' lang='grc' dir='ltr'><strong><em>ριος</em></strong></span> <span class='ocrx_word' id='word_1_321' title='bbox 528 3320 579 3376; x_wconf 92' lang='lat' dir='ltr'><strong>D</strong></span> <span class='ocrx_word' id='word_1_322' title='bbox 618 3320 781 3389; x_wconf 74' lang='lat' dir='ltr'>[teflte</span> <span class='ocrx_word' id='word_1_323' title='bbox 823 3317 1047 3387; x_wconf 75' lang='lat' dir='ltr'>Grabio]</span> <span class='ocrx_word' id='word_1_324' title='bbox 1085 3334 1142 3373; x_wconf 78' lang='lat' dir='ltr'><strong><em>or</em></strong></span> <span class='ocrx_word' id='word_1_325' title='bbox 1180 3320 1191 3387; x_wconf 91' lang='grc' dir='ltr'>Ι</span> <span class='ocrx_word' id='word_1_326' title='bbox 1232 3319 1269 3375; x_wconf 85' lang='grc'>5</span> <span class='ocrx_word' id='word_1_327' title='bbox 1314 3338 1391 3389; x_wconf 82' lang='grc' dir='ltr'><strong><em>τῳ</em></strong></span> <span class='ocrx_word' id='word_1_328' title='bbox 1422 3317 1740 3384; x_wconf 72' lang='lat' dir='ltr'>Aabomrtz,</span> <span class='ocrx_word' id='word_1_329' title='bbox 1799 3337 1942 3389; x_wconf 85' lang='grc' dir='ltr'><strong><em>προς</em></strong></span> <span class='ocrx_word' id='word_1_330' title='bbox 1988 3318 2033 3372; x_wconf 86' lang='grc' dir='ltr'><strong>Ε</strong></span> <span class='ocrx_word' id='word_1_331' title='bbox 2087 3317 2097 3384; x_wconf 95' lang='grc' dir='ltr'>Ι</span> <span class='ocrx_word' id='word_1_332' title='bbox 2161 3318 2196 3373; x_wconf 88' lang='grc'>6</span> <span class='ocrx_word' id='word_1_333' title='bbox 2246 3324 2460 3388; x_wconf 83' lang='grc' dir='ltr'><strong><em>εθεμην</em></strong></span> <span class='ocrx_word' id='word_1_334' title='bbox 2493 3333 2524 3373; x_wconf 84' lang='lat' dir='ltr'><strong>z</strong></span> <span class='ocrx_word' id='word_1_335' title='bbox 2563 3316 2574 3389; x_wconf 97' lang='grc' dir='ltr'>Ι</span> 
     </span>
     <span class='ocr_line' id='line_1_29' title="bbox 358 3402 2579 3476; baseline -0.002 -15"><span class='ocrx_word' id='word_1_336' title='bbox 358 3408 395 3463; x_wconf 91' lang='grc'>8</span> <span class='ocrx_word' id='word_1_337' title='bbox 427 3414 674 3475; x_wconf 76' lang='grc' dir='ltr'><strong><em>κηβωτου</em></strong></span> <span class='ocrx_word' id='word_1_338' title='bbox 706 3424 737 3461; x_wconf 87' lang='lat' dir='ltr'>r</span> <span class='ocrx_word' id='word_1_339' title='bbox 781 3408 791 3474; x_wconf 95' lang='grc' dir='ltr'>Ι</span> <span class='ocrx_word' id='word_1_340' title='bbox 836 3408 873 3463; x_wconf 91' lang='grc'>8</span> <span class='ocrx_word' id='word_1_341' title='bbox 897 3425 1027 3476; x_wconf 84' lang='grc' dir='ltr'><strong><em>χαμ</em></strong></span> <span class='ocrx_word' id='word_1_342' title='bbox 1062 3406 1127 3459; x_wconf 76' lang='grc' dir='ltr'><strong><em>δε</em></strong></span> <span class='ocrx_word' id='word_1_343' title='bbox 1161 3414 1229 3466; x_wconf 98' lang='grc'>&gt;</span> <span class='ocrx_word' id='word_1_344' title='bbox 1266 3405 1339 3470; x_wconf 86' lang='grc' dir='ltr'><strong><em>Ε,</em></strong></span> <span class='ocrx_word' id='word_1_345' title='bbox 1385 3406 1449 3459; x_wconf 77' lang='grc' dir='ltr'><strong><em>δε</em></strong></span> <span class='ocrx_word' id='word_1_346' title='bbox 1483 3414 1551 3466; x_wconf 98' lang='grc'>&gt;</span> <span class='ocrx_word' id='word_1_347' title='bbox 1589 3404 1690 3459; x_wconf 89' lang='lat' dir='ltr'><strong><em>AD</em></strong></span> <span class='ocrx_word' id='word_1_348' title='bbox 1726 3404 1889 3475; x_wconf 69' lang='lat' dir='ltr'><strong>[teste</strong></span> <span class='ocrx_word' id='word_1_349' title='bbox 1926 3402 2148 3475; x_wconf 74' lang='lat' dir='ltr'><strong>Grabio]</strong></span> <span class='ocrx_word' id='word_1_350' title='bbox 2185 3406 2282 3473; x_wconf 76' lang='lat' dir='ltr'><strong><em>aty</em></strong></span> <span class='ocrx_word' id='word_1_351' title='bbox 2330 3404 2339 3472; x_wconf 94' lang='grc' dir='ltr'>Ι</span> <span class='ocrx_word' id='word_1_352' title='bbox 2381 3404 2416 3458; x_wconf 90' lang='grc'><strong>9</strong></span> <span class='ocrx_word' id='word_1_353' title='bbox 2450 3405 2579 3457; x_wconf 72' lang='lat' dir='ltr'><strong>anto</strong></span> 
     </span>
     <span class='ocr_line' id='line_1_30' title="bbox 358 3487 2580 3563; baseline -0.002 -16"><span class='ocrx_word' id='word_1_354' title='bbox 358 3513 473 3547; x_wconf 83' lang='grc' dir='ltr'><strong><em>υιοι</em></strong></span> <span class='ocrx_word' id='word_1_355' title='bbox 509 3494 576 3563; x_wconf 89' lang='grc' dir='ltr'>-Ι-</span> <span class='ocrx_word' id='word_1_356' title='bbox 614 3512 669 3547; x_wconf 88' lang='grc' dir='ltr'><strong><em>οι</em></strong></span> <span class='ocrx_word' id='word_1_357' title='bbox 705 3492 939 3547; x_wconf 74' lang='lat' dir='ltr'>AEcmtz</span> <span class='ocrx_word' id='word_1_358' title='bbox 992 3493 1001 3560; x_wconf 95' lang='grc' dir='ltr'>Ι</span> <span class='ocrx_word' id='word_1_359' title='bbox 1054 3490 1089 3545; x_wconf 87' lang='grc'>9</span> <span class='ocrx_word' id='word_1_360' title='bbox 1140 3510 1253 3545; x_wconf 86' lang='grc' dir='ltr'><strong><em>υιοι</em></strong></span> <span class='ocrx_word' id='word_1_361' title='bbox 1306 3506 1449 3547; x_wconf 79' lang='grc' dir='ltr'><strong><em>εισιν</em></strong></span> <span class='ocrx_word' id='word_1_362' title='bbox 1483 3492 1534 3548; x_wconf 92' lang='lat' dir='ltr'><strong>D</strong></span> <span class='ocrx_word' id='word_1_363' title='bbox 1584 3492 1723 3545; x_wconf 64' lang='lat' dir='ltr'><strong>teste</strong></span> <span class='ocrx_word' id='word_1_364' title='bbox 1758 3488 1956 3544; x_wconf 78' lang='lat' dir='ltr'>Grabio</span> <span class='ocrx_word' id='word_1_365' title='bbox 2013 3487 2024 3560; x_wconf 93' lang='grc' dir='ltr'>Ι</span> <span class='ocrx_word' id='word_1_366' title='bbox 2079 3489 2146 3545; x_wconf 82' lang='lat'><strong><em>12</em></strong></span> <span class='ocrx_word' id='word_1_367' title='bbox 2193 3490 2284 3542; x_wconf 66' lang='lat' dir='ltr'><strong><em>ad</em></strong></span> <span class='ocrx_word' id='word_1_368' title='bbox 2284 3507 2346 3543; x_wconf 83' lang='grc' dir='ltr'><strong><em>εν</em></strong></span> <span class='ocrx_word' id='word_1_369' title='bbox 2390 3487 2580 3543; x_wconf 70' lang='lat' dir='ltr'>Aomrt</span> 
     </span>
     <span class='ocr_line' id='line_1_31' title="bbox 360 3576 2580 3651; baseline -0.001 -17"><span class='ocrx_word' id='word_1_370' title='bbox 360 3579 629 3651; x_wconf 78' lang='lat' dir='ltr'><strong>[t¹=b],</strong></span> <span class='ocrx_word' id='word_1_371' title='bbox 669 3582 793 3635; x_wconf 79' lang='grc' dir='ltr'><strong><em>ιδεν</em></strong></span> <span class='ocrx_word' id='word_1_372' title='bbox 830 3578 927 3633; x_wconf 84' lang='grc' dir='ltr'><strong>ΒΕ</strong></span> <span class='ocrx_word' id='word_1_373' title='bbox 954 3579 964 3645; x_wconf 92' lang='grc' dir='ltr'>Ι</span> <span class='ocrx_word' id='word_1_374' title='bbox 999 3578 1068 3633; x_wconf 84' lang='grc'>13</span> <span class='ocrx_word' id='word_1_375' title='bbox 1102 3578 1173 3633; x_wconf 76' lang='lat' dir='ltr'><strong><em>ad</em></strong></span> <span class='ocrx_word' id='word_1_376' title='bbox 1207 3593 1498 3649; x_wconf 85' lang='grc' dir='ltr'><strong><em>γυμνωσιν</em></strong></span> <span class='ocrx_word' id='word_1_377' title='bbox 1529 3578 1590 3632; x_wconf 87' lang='lat' dir='ltr'><strong><em>in</em></strong></span> <span class='ocrx_word' id='word_1_378' title='bbox 1613 3576 1856 3647; x_wconf 74' lang='lat' dir='ltr'><strong>margine</strong></span> <span class='ocrx_word' id='word_1_379' title='bbox 1883 3593 1913 3631; x_wconf 83' lang='grc' dir='ltr'><strong><em>ι·</em></strong></span> <span class='ocrx_word' id='word_1_380' title='bbox 1949 3594 2021 3629; x_wconf 71' lang='lat' dir='ltr'><strong><em>au</em></strong></span> <span class='ocrx_word' id='word_1_381' title='bbox 2047 3588 2117 3629; x_wconf 84' lang='grc' dir='ltr'><strong><em>συ</em></strong></span> <span class='ocrx_word' id='word_1_382' title='bbox 2153 3589 2580 3645; x_wconf 85' lang='grc' dir='ltr'><strong><em>ασχημοσυνην.</em></strong></span> 
     </span>
     <span class='ocr_line' id='line_1_32' title="bbox 356 3660 2584 3737; baseline -0.003 -14"><span class='ocrx_word' id='word_1_383' title='bbox 356 3670 495 3724; x_wconf 72' lang='lat' dir='ltr'><strong>toste</strong></span> <span class='ocrx_word' id='word_1_384' title='bbox 529 3667 565 3721; x_wconf 85' lang='lat' dir='ltr'>b</span> <span class='ocrx_word' id='word_1_385' title='bbox 598 3666 800 3737; x_wconf 77' lang='lat' dir='ltr'>Aquila</span> <span class='ocrx_word' id='word_1_386' title='bbox 832 3668 889 3721; x_wconf 80' lang='lat' dir='ltr'><strong><em>et</em></strong></span> <span class='ocrx_word' id='word_1_387' title='bbox 926 3664 1277 3735; x_wconf 71' lang='lat' dir='ltr'><strong>Symmachus</strong></span> <span class='ocrx_word' id='word_1_388' title='bbox 1323 3683 1425 3733; x_wconf 79' lang='grc' dir='ltr'><strong><em>την</em></strong></span> <span class='ocrx_word' id='word_1_389' title='bbox 1470 3679 1870 3735; x_wconf 82' lang='grc' dir='ltr'><strong><em>ασχημοσυνην</em></strong></span> <span class='ocrx_word' id='word_1_390' title='bbox 1921 3660 1931 3731; x_wconf 95' lang='grc' dir='ltr'>Ι</span> <span class='ocrx_word' id='word_1_391' title='bbox 1987 3661 2057 3716; x_wconf 90' lang='grc'>14</span> <span class='ocrx_word' id='word_1_392' title='bbox 2111 3664 2443 3732; x_wconf 82' lang='grc' dir='ltr'><strong><em>ανηγγειλεν</em></strong></span> <span class='ocrx_word' id='word_1_393' title='bbox 2479 3660 2584 3716; x_wconf 75' lang='lat' dir='ltr'><strong><em>Art</em></strong></span> 
     </span>
    </p>

    <p class='ocr_par' dir='ltr' id='par_1_7' title="bbox 246 3739 2586 4521">
     <span class='ocr_line' id='line_1_33' title="bbox 246 3739 2584 3825; baseline -0.003 -16"><span class='ocrx_word' id='word_1_394' title='bbox 246 3739 261 3766; x_wconf 76' lang='lat'>⁸</span> <span class='ocrx_word' id='word_1_395' title='bbox 360 3754 409 3825; x_wconf 80' lang='lat' dir='ltr'><strong><em>[t</em></strong></span> <span class='ocrx_word' id='word_1_396' title='bbox 422 3759 527 3801; x_wconf 49' lang='grc' dir='ltr'><strong><em>’.τ</em></strong></span> <span class='ocrx_word' id='word_1_397' title='bbox 540 3753 629 3824; x_wconf 88' lang='lat' dir='ltr'><strong><em>b],</em></strong></span> <span class='ocrx_word' id='word_1_398' title='bbox 674 3755 1014 3823; x_wconf 59' lang='lat' dir='ltr'><em>ammam</em></span> <span class='ocrx_word' id='word_1_399' title='bbox 1048 3751 1123 3817; x_wconf 79' lang='lat' dir='ltr'><strong><em>E,</em></strong></span> <span class='ocrx_word' id='word_1_400' title='bbox 1159 3754 1469 3822; x_wconf 64' lang='grc' dir='ltr'><strong><em>απηγγειιε</em></strong></span> <span class='ocrx_word' id='word_1_401' title='bbox 1507 3766 1596 3815; x_wconf 73' lang='lat' dir='ltr'><strong><em>cz..</em></strong></span> <span class='ocrx_word' id='word_1_402' title='bbox 1635 3750 1702 3804; x_wconf 74' lang='lat' dir='ltr'><strong><em>de</em></strong></span> <span class='ocrx_word' id='word_1_403' title='bbox 1730 3749 1781 3805; x_wconf 88' lang='lat' dir='ltr'><strong>D</strong></span> <span class='ocrx_word' id='word_1_404' title='bbox 1821 3746 2058 3803; x_wconf 76' lang='lat' dir='ltr'><strong>dubitari</strong></span> <span class='ocrx_word' id='word_1_405' title='bbox 2090 3748 2296 3817; x_wconf 73' lang='lat' dir='ltr'><strong>potest,</strong></span> <span class='ocrx_word' id='word_1_406' title='bbox 2337 3748 2584 3817; x_wconf 72' lang='lat' dir='ltr'><strong><em>superest</em></strong></span> 
     </span>
     <span class='ocr_line' id='line_1_34' title="bbox 358 3832 2581 3912; baseline -0.006 -16"><span class='ocrx_word' id='word_1_407' title='bbox 358 3844 617 3912; x_wconf 79' lang='grc' dir='ltr'><strong><em>ηγγειλεν</em></strong></span> <span class='ocrx_word' id='word_1_408' title='bbox 644 3842 657 3908; x_wconf 90' lang='grc' dir='ltr'>Ι</span> <span class='ocrx_word' id='word_1_409' title='bbox 690 3840 758 3893; x_wconf 86' lang='grc'>14</span> <span class='ocrx_word' id='word_1_410' title='bbox 791 3839 957 3893; x_wconf 73' lang='grc' dir='ltr'><strong><em>δυσιν</em></strong></span> <span class='ocrx_word' id='word_1_411' title='bbox 991 3847 1059 3899; x_wconf 97' lang='grc'>&gt;</span> <span class='ocrx_word' id='word_1_412' title='bbox 1095 3840 1179 3891; x_wconf 69' lang='lat' dir='ltr'><strong><em>mi:</em></strong></span> <span class='ocrx_word' id='word_1_413' title='bbox 1207 3838 1217 3904; x_wconf 92' lang='grc' dir='ltr'>Ι</span> <span class='ocrx_word' id='word_1_414' title='bbox 1265 3836 1333 3892; x_wconf 82' lang='grc'>15</span> <span class='ocrx_word' id='word_1_415' title='bbox 1366 3856 1462 3890; x_wconf 83' lang='grc' dir='ltr'><strong><em>και</em></strong></span> <span class='ocrx_word' id='word_1_416' title='bbox 1495 3846 1565 3897; x_wconf 95' lang='grc'>&gt;</span> <span class='ocrx_word' id='word_1_417' title='bbox 1600 3835 1646 3889; x_wconf 87' lang='grc' dir='ltr'><strong>Ε</strong></span> <span class='ocrx_word' id='word_1_418' title='bbox 1689 3835 1698 3902; x_wconf 96' lang='grc' dir='ltr'>Ι</span> <span class='ocrx_word' id='word_1_419' title='bbox 1742 3832 1897 3904; x_wconf 75' lang='grc'>15116</span> <span class='ocrx_word' id='word_1_420' title='bbox 1936 3839 2202 3887; x_wconf 62' lang='lat' dir='ltr'><strong><em>caefi-mo</em></strong></span> <span class='ocrx_word' id='word_1_421' title='bbox 2240 3851 2336 3887; x_wconf 83' lang='grc' dir='ltr'><strong><em>επι</em></strong></span> <span class='ocrx_word' id='word_1_422' title='bbox 2372 3852 2441 3886; x_wconf 84' lang='grc' dir='ltr'><strong><em>τα</em></strong></span> <span class='ocrx_word' id='word_1_423' title='bbox 2478 3833 2581 3885; x_wconf 77' lang='grc' dir='ltr'><strong><em>δυο</em></strong></span> 
     </span>
     <span class='ocr_line' id='line_1_35' title="bbox 356 3916 2581 3995; baseline -0.005 -14"><span class='ocrx_word' id='word_1_424' title='bbox 356 3944 505 3981; x_wconf 81' lang='grc' dir='ltr'><strong><em>νωτα</em></strong></span> <span class='ocrx_word' id='word_1_425' title='bbox 542 3943 729 3979; x_wconf 82' lang='grc' dir='ltr'><strong><em>αυτων</em></strong></span> <span class='ocrx_word' id='word_1_426' title='bbox 765 3943 859 3979; x_wconf 81' lang='grc' dir='ltr'><strong><em>και</em></strong></span> <span class='ocrx_word' id='word_1_427' title='bbox 897 3933 965 3985; x_wconf 97' lang='grc'>&gt;</span> <span class='ocrx_word' id='word_1_428' title='bbox 1003 3942 1031 3977; x_wconf 88' lang='lat' dir='ltr'><strong>z</strong></span> <span class='ocrx_word' id='word_1_429' title='bbox 1070 3924 1080 3991; x_wconf 95' lang='grc' dir='ltr'>Ι</span> <span class='ocrx_word' id='word_1_430' title='bbox 1121 3923 1189 3979; x_wconf 86' lang='grc'>15</span> <span class='ocrx_word' id='word_1_431' title='bbox 1226 3928 1495 3995; x_wconf 78' lang='grc' dir='ltr'><strong><em>επεθεντο</em></strong></span> <span class='ocrx_word' id='word_1_432' title='bbox 1530 3920 1782 3984; x_wconf 74' lang='lat' dir='ltr'>Ebemrb,</span> <span class='ocrx_word' id='word_1_433' title='bbox 1829 3925 2113 3986; x_wconf 74' lang='grc' dir='ltr'><strong><em>επεθηκαν</em></strong></span> <span class='ocrx_word' id='word_1_434' title='bbox 2145 3916 2264 3987; x_wconf 68' lang='lat' dir='ltr'><strong><em>Any</em></strong></span> <span class='ocrx_word' id='word_1_435' title='bbox 2314 3919 2326 3985; x_wconf 93' lang='grc' dir='ltr'>Ι</span> <span class='ocrx_word' id='word_1_436' title='bbox 2381 3916 2448 3972; x_wconf 88' lang='grc'><strong><em>15</em></strong></span> <span class='ocrx_word' id='word_1_437' title='bbox 2486 3932 2581 3970; x_wconf 71' lang='lat' dir='ltr'><strong><em>em</em></strong></span> 
     </span>
     <span class='ocr_line' id='line_1_36' title="bbox 360 4000 2582 4079; baseline -0.005 -12"><span class='ocrx_word' id='word_1_438' title='bbox 360 4032 427 4067; x_wconf 81' lang='grc' dir='ltr'><strong><em>τα</em></strong></span> <span class='ocrx_word' id='word_1_439' title='bbox 462 4031 611 4067; x_wconf 72' lang='lat' dir='ltr'><strong><em>varta</em></strong></span> <span class='ocrx_word' id='word_1_440' title='bbox 647 4030 717 4064; x_wconf 81' lang='grc' dir='ltr'><strong><em>τα</em></strong></span> <span class='ocrx_word' id='word_1_441' title='bbox 754 4011 860 4064; x_wconf 80' lang='grc' dir='ltr'><strong><em>δυο</em></strong></span> <span class='ocrx_word' id='word_1_442' title='bbox 898 4027 928 4065; x_wconf 86' lang='lat'><strong><em>1·</em></strong></span> <span class='ocrx_word' id='word_1_443' title='bbox 965 4010 977 4079; x_wconf 94' lang='grc' dir='ltr'>Ι</span> <span class='ocrx_word' id='word_1_444' title='bbox 1027 4009 1093 4065; x_wconf 88' lang='grc'><strong><em>16</em></strong></span> <span class='ocrx_word' id='word_1_445' title='bbox 1132 4023 1525 4079; x_wconf 79' lang='grc' dir='ltr'><strong><em>οπιστοφανως</em></strong></span> <span class='ocrx_word' id='word_1_446' title='bbox 1562 4007 1613 4059; x_wconf 85' lang='grc' dir='ltr'><strong>Α</strong></span> <span class='ocrx_word' id='word_1_447' title='bbox 1653 4006 1663 4073; x_wconf 94' lang='grc' dir='ltr'>Ι</span> <span class='ocrx_word' id='word_1_448' title='bbox 1705 4007 1774 4061; x_wconf 87' lang='grc'>16</span> <span class='ocrx_word' id='word_1_449' title='bbox 1815 4006 2102 4073; x_wconf 82' lang='grc' dir='ltr'><strong><em>εκαλυψαν</em></strong></span> <span class='ocrx_word' id='word_1_450' title='bbox 2137 4019 2166 4057; x_wconf 80' lang='lat'><strong>0</strong></span> <span class='ocrx_word' id='word_1_451' title='bbox 2197 4006 2207 4070; x_wconf 93' lang='grc' dir='ltr'>Ι</span> <span class='ocrx_word' id='word_1_452' title='bbox 2252 4000 2408 4072; x_wconf 83' lang='lat' dir='ltr'>16s18</span> <span class='ocrx_word' id='word_1_453' title='bbox 2446 4016 2582 4071; x_wconf 71' lang='lat' dir='ltr'><strong>quae</strong></span> 
     </span>
     <span class='ocr_line' id='line_1_37' title="bbox 357 4086 2585 4166; baseline -0.006 -13"><span class='ocrx_word' id='word_1_454' title='bbox 357 4098 501 4155; x_wconf 66' lang='lat' dir='ltr'><strong>inter</strong></span> <span class='ocrx_word' id='word_1_455' title='bbox 535 4116 629 4154; x_wconf 77' lang='grc' dir='ltr'><strong><em>και</em></strong></span> <span class='ocrx_word' id='word_1_456' title='bbox 669 4096 901 4151; x_wconf 71' lang='lat' dir='ltr'><strong>alterum</strong></span> <span class='ocrx_word' id='word_1_457' title='bbox 923 4096 993 4152; x_wconf 83' lang='grc'>16</span> <span class='ocrx_word' id='word_1_458' title='bbox 1027 4098 1084 4150; x_wconf 80' lang='lat' dir='ltr'><strong><em>et</em></strong></span> <span class='ocrx_word' id='word_1_459' title='bbox 1120 4100 1429 4166; x_wconf 70' lang='grc' dir='ltr'><strong><em>σθοφανως</em></strong></span> <span class='ocrx_word' id='word_1_460' title='bbox 1467 4092 1535 4149; x_wconf 91' lang='grc'><strong><em>18</em></strong></span> <span class='ocrx_word' id='word_1_461' title='bbox 1568 4092 1748 4147; x_wconf 76' lang='lat' dir='ltr'><strong>media</strong></span> <span class='ocrx_word' id='word_1_462' title='bbox 1784 4091 1934 4152; x_wconf 78' lang='lat' dir='ltr'><strong>sunt,</strong></span> <span class='ocrx_word' id='word_1_463' title='bbox 1959 4098 2029 4149; x_wconf 95' lang='lat'>&gt;</span> <span class='ocrx_word' id='word_1_464' title='bbox 2052 4087 2098 4141; x_wconf 85' lang='lat' dir='ltr'><strong>E</strong></span> <span class='ocrx_word' id='word_1_465' title='bbox 2129 4090 2142 4154; x_wconf 98' lang='grc' dir='ltr'>Ι</span> <span class='ocrx_word' id='word_1_466' title='bbox 2171 4086 2326 4157; x_wconf 78' lang='grc' dir='ltr'>17Ι18</span> <span class='ocrx_word' id='word_1_467' title='bbox 2346 4093 2585 4140; x_wconf 63' lang='lat' dir='ltr'><strong><em>omoeo-</em></strong></span> 
     </span>
     <span class='ocr_line' id='line_1_38' title="bbox 360 4171 2585 4258; baseline -0.006 -18"><span class='ocrx_word' id='word_1_468' title='bbox 360 4204 533 4258; x_wconf 83' lang='grc' dir='ltr'><strong><em>φανες</em></strong></span> <span class='ocrx_word' id='word_1_469' title='bbox 563 4184 613 4239; x_wconf 88' lang='lat' dir='ltr'>A</span> <span class='ocrx_word' id='word_1_470' title='bbox 652 4183 749 4254; x_wconf 73' lang='grc' dir='ltr'><strong><em>[θο</em></strong></span> <span class='ocrx_word' id='word_1_471' title='bbox 786 4198 931 4237; x_wconf 78' lang='lat' dir='ltr'><strong>nune</strong></span> <span class='ocrx_word' id='word_1_472' title='bbox 964 4180 1283 4237; x_wconf 80' lang='lat' dir='ltr'><strong>euanidum:</strong></span> <span class='ocrx_word' id='word_1_473' title='bbox 1337 4180 1513 4235; x_wconf 74' lang='lat' dir='ltr'><strong>fuitne</strong></span> <span class='ocrx_word' id='word_1_474' title='bbox 1547 4198 1612 4232; x_wconf 83' lang='grc' dir='ltr'><strong><em>το</em></strong></span> <span class='ocrx_word' id='word_1_475' title='bbox 1624 4178 1678 4248; x_wconf 65' lang='lat'><strong><em>2]</em></strong></span> <span class='ocrx_word' id='word_1_476' title='bbox 1712 4178 1763 4231; x_wconf 95' lang='lat' dir='ltr'><strong>D</strong></span> <span class='ocrx_word' id='word_1_477' title='bbox 1805 4176 1966 4243; x_wconf 74' lang='lat' dir='ltr'><strong>[teste</strong></span> <span class='ocrx_word' id='word_1_478' title='bbox 2001 4172 2229 4230; x_wconf 69' lang='lat' dir='ltr'><strong>Grabio:</strong></span> <span class='ocrx_word' id='word_1_479' title='bbox 2285 4171 2585 4241; x_wconf 76' lang='lat' dir='ltr'><strong>subscripto</strong></span> 
     </span>
     <span class='ocr_line' id='line_1_39' title="bbox 360 4257 2583 4337; baseline -0.006 -11"><span class='ocrx_word' id='word_1_480' title='bbox 360 4291 404 4326; x_wconf 88' lang='grc' dir='ltr'><strong><em>ω</em></strong></span> <span class='ocrx_word' id='word_1_481' title='bbox 440 4272 539 4326; x_wconf 79' lang='lat' dir='ltr'><strong><em>sub</em></strong></span> <span class='ocrx_word' id='word_1_482' title='bbox 576 4288 603 4325; x_wconf 87' lang='grc' dir='ltr'><strong><em>ε</em></strong></span> <span class='ocrx_word' id='word_1_483' title='bbox 637 4269 923 4326; x_wconf 75' lang='lat' dir='ltr'>reeentiori</span> <span class='ocrx_word' id='word_1_484' title='bbox 968 4267 1155 4337; x_wconf 78' lang='lat' dir='ltr'><strong>manu]</strong></span> <span class='ocrx_word' id='word_1_485' title='bbox 1192 4284 1221 4322; x_wconf 83' lang='lat' dir='ltr'><strong>z</strong></span> <span class='ocrx_word' id='word_1_486' title='bbox 1275 4266 1284 4336; x_wconf 91' lang='grc' dir='ltr'>Ι</span> <span class='ocrx_word' id='word_1_487' title='bbox 1339 4266 1408 4320; x_wconf 91' lang='grc'>18</span> <span class='ocrx_word' id='word_1_488' title='bbox 1444 4268 1571 4321; x_wconf 80' lang='grc' dir='ltr'><strong><em>ιδον</em></strong></span> <span class='ocrx_word' id='word_1_489' title='bbox 1619 4263 1720 4318; x_wconf 85' lang='lat' dir='ltr'><strong><em>AD</em></strong></span> <span class='ocrx_word' id='word_1_490' title='bbox 1769 4261 1933 4332; x_wconf 74' lang='lat' dir='ltr'><strong>[teste</strong></span> <span class='ocrx_word' id='word_1_491' title='bbox 1981 4257 2236 4330; x_wconf 80' lang='lat' dir='ltr'><strong>Grabi0J,</strong></span> <span class='ocrx_word' id='word_1_492' title='bbox 2290 4259 2460 4313; x_wconf 78' lang='grc' dir='ltr'><strong><em>οιδον</em></strong></span> <span class='ocrx_word' id='word_1_493' title='bbox 2491 4275 2522 4313; x_wconf 80' lang='lat' dir='ltr'>z</span> <span class='ocrx_word' id='word_1_494' title='bbox 2573 4257 2583 4329; x_wconf 93' lang='grc' dir='ltr'>Ι</span> 
     </span>
     <span class='ocr_line' id='line_1_40' title="bbox 362 4342 2586 4426; baseline -0.006 -13"><span class='ocrx_word' id='word_1_495' title='bbox 362 4358 431 4413; x_wconf 88' lang='grc'>19</span> <span class='ocrx_word' id='word_1_496' title='bbox 468 4361 730 4426; x_wconf 80' lang='grc' dir='ltr'><strong><em>εξενηψεν</em></strong></span> <span class='ocrx_word' id='word_1_497' title='bbox 762 4354 867 4411; x_wconf 79' lang='lat' dir='ltr'><strong><em>Art</em></strong></span> <span class='ocrx_word' id='word_1_498' title='bbox 902 4354 1081 4424; x_wconf 72' lang='lat' dir='ltr'><strong>[t⁹=</strong></span> <span class='ocrx_word' id='word_1_499' title='bbox 1101 4352 1193 4423; x_wconf 82' lang='lat' dir='ltr'><strong><em>bJ,</em></strong></span> <span class='ocrx_word' id='word_1_500' title='bbox 1254 4357 1535 4424; x_wconf 78' lang='grc' dir='ltr'><strong><em>εξενειψεν</em></strong></span> <span class='ocrx_word' id='word_1_501' title='bbox 1566 4351 1613 4407; x_wconf 97' lang='grc' dir='ltr'><strong>Ε</strong></span> <span class='ocrx_word' id='word_1_502' title='bbox 1668 4350 1678 4421; x_wconf 96' lang='grc' dir='ltr'>Ι</span> <span class='ocrx_word' id='word_1_503' title='bbox 1731 4347 1798 4402; x_wconf 88' lang='grc'>19</span> <span class='ocrx_word' id='word_1_504' title='bbox 1845 4346 1972 4416; x_wconf 74' lang='lat' dir='ltr'><strong>post</strong></span> <span class='ocrx_word' id='word_1_505' title='bbox 2021 4364 2184 4403; x_wconf 85' lang='grc' dir='ltr'><strong><em>οινου</em></strong></span> <span class='ocrx_word' id='word_1_506' title='bbox 2224 4346 2291 4414; x_wconf 88' lang='grc' dir='ltr'>-Ι-</span> <span class='ocrx_word' id='word_1_507' title='bbox 2328 4364 2498 4399; x_wconf 80' lang='grc' dir='ltr'><strong><em>αυτου</em></strong></span> <span class='ocrx_word' id='word_1_508' title='bbox 2534 4342 2586 4399; x_wconf 91' lang='lat' dir='ltr'><strong>D</strong></span> 
     </span>
     <span class='ocr_line' id='line_1_41' title="bbox 362 4436 1381 4521; baseline -0.004 -24"><span class='ocrx_word' id='word_1_509' title='bbox 362 4442 525 4513; x_wconf 63' lang='lat' dir='ltr'><strong>[tom</strong></span> <span class='ocrx_word' id='word_1_510' title='bbox 560 4441 787 4521; x_wconf 58' lang='grc' dir='ltr'><strong><em>θτψίο]</em></strong></span> <span class='ocrx_word' id='word_1_511' title='bbox 822 4458 851 4495; x_wconf 90' lang='lat'><strong><em>1·</em></strong></span> <span class='ocrx_word' id='word_1_512' title='bbox 891 4441 903 4510; x_wconf 93' lang='grc' dir='ltr'>Ι</span> <span class='ocrx_word' id='word_1_513' title='bbox 948 4441 1017 4499; x_wconf 88' lang='grc'>19</span> <span class='ocrx_word' id='word_1_514' title='bbox 1058 4454 1303 4512; x_wconf 80' lang='grc' dir='ltr'><strong><em>εγνωσεν</em></strong></span> <span class='ocrx_word' id='word_1_515' title='bbox 1335 4436 1381 4492; x_wconf 90' lang='grc' dir='ltr'><strong>Ε</strong></span> 
     </span>
    </p>
   </div>
  </div>
 </body>
</html>
