3169 4941
2546 453 2593 526 ‚3

171 647 200 676 ο
306 628 336 682 1
371 610 530 677 riam
547 660 562 690 ‚
625 610 896 695 quinque
941 611 1193 676 tantum
1237 611 1316 677 ab
1355 611 1446 676 eis
1489 609 1687 676 libros
1727 610 1938 694 Moysi
1976 611 2317 678 translatos
2377 614 2592 695 refert,

374 735 528 799 quos
569 734 686 781 nos
729 733 974 799 quoque
1021 713 1391 780 confitemur
1441 714 1584 799 plus
1633 734 1821 798 quam
1864 717 2109 781 ceteros
2152 735 2297 782 cum
2339 716 2593 784 hebrai·-

373 821 464 884 cis
506 838 865 886 consonare.
957 816 1066 883 sed
1113 821 1179 884 et
1233 819 1332 897 hi,
1378 819 1485 900 qui
1523 821 1747 901 postea
1802 818 2177 901 interpretes
2234 823 2593 902 extiterunt,

374 923 674 1006 Aquilam
745 924 965 1005 loquor
1032 926 1097 988 et
1161 921 1607 1005 Symmachum
1671 925 1735 987 et
1796 923 2323 1004 Theodotionem‚
2406 925 2593 1010 longe

305 1031 340 1086 5
375 1026 561 1092 aliter
601 1027 839 1091 habent
887 1044 1075 1109 quam
1120 1044 1234 1091 nos
1277 1026 1562 1108 legimus,
1642 1025 1723 1090 ad
1770 1028 2118 1091 extremum
2164 1027 2356 1110 (quod
2400 1030 2594 1094 etiam

375 1131 830 1195 obtrectatores
874 1132 1122 1195 nostros
1167 1130 1418 1213 placare
1462 1131 1697 1212 potest)
1760 1130 2124 1213 peregrinae
2166 1150 2410 1196 merces
2452 1135 2594 1197 tan-

373 1234 512 1298 tum
568 1233 928 1298 uolentibus
989 1233 1324 1316 nauigent:
1395 1233 1782 1310 balsamum,
1840 1235 2019 1316 piper
2082 1235 2147 1299 et
2212 1254 2401 1317 poma
2456 1235 2597 1320 pal-

375 1356 624 1402 marum
693 1335 918 1402 rustici
983 1355 1109 1400 non
1182 1337 1415 1402 emant.
1550 1336 1625 1401 de
1687 1336 2069 1408 Adamantio
2142 1340 2357 1403 autem
2422 1339 2596 1418 sile0‚

378 1440 555 1506 cuius
598 1459 826 1505 nomen
889 1440 986 1522 (si
1024 1462 1230 1524 parua
1289 1443 1430 1504 licet
1483 1462 1809 1524 conponere
1850 1440 2106 1524 maym's)
2158 1459 2301 1507 meo
2347 1443 2599 1506 nomine

275 1549 344 1604 10
374 1543 744 1609 inuidiosius
787 1546 901 1621 est,
951 1544 1147 1626 quod,
1196 1561 1340 1607 cum
1380 1543 1448 1607 in
1489 1543 1767 1608 homiliis
1814 1543 1983 1622 suis‚'
2010 1562 2167 1626 quas
2213 1544 2293 1609 ad
2333 1545 2599 1628 uulgum

377 1647 687 1729 loquitur,
748 1665 1146 1712 communem
1189 1646 1528 1712 editionem
1588 1648 1917 1729 sequatur,
1978 1647 2043 1710 in
2100 1648 2290 1712 tomis
2309 1697 2323 1726 ,
2392 1648 2459 1712 id
2500 1651 2599 1714 est

377 1749 443 1814 in
477 1748 894 1833 disputatione
939 1750 1193 1830 maiori‚·
1226 1750 1519 1817 hebraica
1554 1751 1829 1815 ueritate
1874 1752 2205 1834 superatus
2238 1754 2301 1816 et
2343 1770 2599 1817 suorum

379 1854 804 1919 circumdatus
848 1853 1202 1937 agminibus
1221 1903 1236 1931 ‚
1281 1853 1603 1920 interdum
1646 1853 1900 1937 linguae
1940 1854 2307 1937 peregrinae
2353 1857 2601 1937 quaerit

381 1956 626 2022 auxilia.
712 1957 832 2022 hoc
880 1975 1077 2022 unum
1122 1958 1259 2022 dico
1277 2006 1292 2035 ‚
1351 1957 1515 2040 quod
1555 1957 1789 2022 uellem
1838 1976 1984 2022 cum
2041 1958 2274 2022 inuidia
2330 1959 2601 2024 nominis

279 2070 346 2125 15
383 2061 514 2126 eius
578 2061 810 2126 habere
871 2061 1064 2127 etiam
1122 2061 1450 2131 scientiam
1513 2061 1998 2144 scripturarum,
2088 2061 2270 2127 flocci
2325 2062 2601 2147 pendens

380 2164 689 2247 imagines
733 2165 1112 2248 umbrasque
1171 2163 1493 2234 laruarum
1511 2214 1525 2243 ‚
1586 2184 1851 2248 quarum
1905 2167 2134 2230 natura
2179 2184 2313 2231 esse
2373 2165 2603 2231 dicitur

381 2269 618 2334 terrere
665 2267 962 2352 paruulos
1009 2271 1073 2333 et
1111 2269 1178 2331 in
1226 2268 1474 2352 angulis
1519 2268 1758 2351 garrire
1795 2268 2163 2333 tenebrosis,

555 2468 629 2531 In
672 2469 979 2552 principio
1017 2466 1178 2547 fecit
1229 2466 1374 2529 deus
1427 2467 1659 2531 caelum
1718 2470 1775 2529 et
1823 2470 2064 2529 terram.
2156 2465 2435 2550 plerique
2494 2485 2602 2533 ae·-

383 2572 644 2637 stimant
662 2620 677 2650 ‚
753 2572 918 2636 sicut
982 2571 1050 2634 in
1122 2570 1531 2635 altercatione
1590 2588 1833 2652 quoque
1894 2569 2140 2635 Iasonis
2216 2570 2281 2634 et
2353 2568 2605 2654 Papisci

279 2695 350 2749 20
385 2676 688 2759 scriptum
733 2678 830 2740 est
873 2678 938 2740 et
979 2674 1406 2740 Tertullianus
1449 2674 1517 2739 in
1561 2673 1721 2738 libro
1772 2674 1992 2737 contra
2035 2675 2345 2738 Praxeam
2390 2671 2605 2756 dispu-

383 2782 483 2846 tat
525 2798 640 2845 nec
701 2799 827 2845 non
872 2779 1155 2844 Hilarius
1203 2780 1271 2843 in
1331 2776 1716 2862 expositione
1764 2776 2089 2842 cuiusdam
2147 2777 2377 2860 psalmi
2434 2777 2607 2843 affir-

384 2887 549 2962 mat,
604 2885 671 2949 in
712 2883 981 2948 hebraeo
1023 2882 1242 2948 haberi
1290 2888 1356 2946 in
1385 2883 1523 2963 filio
1561 2883 1712 2962 fecit
1754 2883 1899 2945 deus
1948 2884 2180 2946 caelum
2233 2888 2289 2946 et
2345 2887 2605 2946 terram:

388 2988 554 3071 quod
606 2987 837 3053 falsum
898 3006 1035 3053 esse
1093 2986 1186 3051 rei
1237 2986 1436 3069 ipsius
1508 2986 1745 3051 ueritas
1821 2985 2205 3068 comprobat.
2321 3004 2470 3050 nam
2544 2985 2609 3049 et

387 3091 560 3157 LXX
611 3091 986 3173 interpretes
1045 3094 1110 3156 et
1154 3089 1568 3173 Symmachus
1631 3091 1695 3153 et
1752 3089 2144 3154 Theodotion
2197 3092 2263 3152 in
2310 3092 2611 3173 prinmpio

283 3210 355 3267 25
388 3194 850 3260 transtulerunt
882 3195 946 3259 et
981 3194 1052 3259 in
1093 3194 1362 3259 hebraeo
1405 3193 1713 3277 scriptum
1746 3195 1843 3263 est
1882 3196 2138 3272 bresith,
2183 3192 2347 3275 quod
2377 3191 2611 3275 Aquila

389 3298 839 3380 interpretatur
880 3304 944 3361 in
989 3301 1285 3381 capitulo,
1345 3299 1411 3363 et
1466 3316 1593 3363 non
1650 3300 1859 3375 baben,
1920 3298 2085 3381 quod
2141 3296 2495 3381 appellatur
2546 3299 2613 3359 in

374 3403 539 3484 filio.
625 3400 832 3484 magis
876 3401 1090 3483 itaque
1131 3400 1476 3466 secundum
1516 3419 1773 3465 sensum
1800 3419 2007 3482 -quam
2048 3399 2393 3464 secundum
2434 3400 2614 3466 uerbi

392 3504 874 3571 translationem
932 3502 1008 3568 de
1067 3504 1315 3570 Christo
1386 3503 1589 3585 accipi
1658 3505 1899 3583 potest:
1990 3502 2097 3583 qui
2157 3504 2291 3566 tam
2346 3502 2415 3566 in
2474 3502 2613 3587 ipsa

392 3607 599 3675 fronte
658 3606 974 3673 Geneseos
995 3656 1012 3685 ‚
1076 3626 1238 3692 quae
1291 3607 1480 3689 caput
1536 3606 1844 3672 librorum
1902 3605 2182 3671 omnium
2242 3607 2371 3684 est,
2425 3626 2613 3691 quam

534 3791 568 3844 9
601 3790 785 3855 Uergil
819 3790 990 3854 Georg
1042 3787 1078 3839 δ’
1113 3788 1215 3843 176
1267 3788 1276 3855 Ι
1333 3787 1398 3841 18
1434 3789 1597 3839 Genea
1638 3787 1687 3851 1,
1726 3785 1755 3838 1
1788 3788 1798 3851 Ι
1833 3786 1932 3841 19?
1965 3784 1973 3852 Ι
2004 3787 2073 3841 20
2113 3786 2401 3837 Ter-tullian
2439 3791 2616 3837 contra

395 3878 645 3928 Praxeam
667 3878 701 3931 5
733 3876 742 3943 Ι
772 3876 840 3930 21
871 3875 1112 3925 Hilarius
1149 3874 1204 3924 in
1239 3874 1558 3938 expositione
1595 3874 1780 3939 psalmi
1815 3872 1850 3926 2

539 4024 569 4076 1
621 4023 754 4075 mosi
792 4041 836 4093 φ
867 4023 877 4087 Ι
910 4021 941 4074 7
977 4022 1225 4087 nauigant
1257 4038 1348 4090 μφ
1379 4019 1388 4089 Ι
1419 4018 1450 4071 7
1488 4020 1565 4070 De
1603 4020 1892 4071 adamantio
1928 4024 2030 4085 βγ,
2080 4019 2381 4069 Adamantio
2413 4038 2489 4089 μ,
2540 4022 2618 4073 De

400 4111 607 4175 origene
643 4126 688 4177 φ
719 4110 730 4172 Ι
760 4109 828 4163 12
865 4113 1134 4174 superatus
1173 4113 1370 4178 βγμφ,
1405 4107 1625 4171 stipatus
1659 4123 1694 4166 ς
1733 4108 1742 4170 Ι
1788 4104 1855 4159 16
1886 4109 2097 4154 naturae
2133 4124 2174 4175 μ
2221 4106 2230 4169 Ι
2274 4105 2343 4159 18
2369 4110 2623 4168 praecedit

400 4202 458 4247 in
503 4202 538 4263 β
582 4195 844 4258 Incipiunt
891 4196 1128 4258 hebraice
1176 4193 1464 4259 questiones
1515 4191 1576 4241 In
1630 4192 1789 4242 Libro
1838 4191 2114 4252 Geneseos,
2173 4195 2229 4240 in
2276 4210 2315 4258 y
2360 4192 2623 4259 Incipiunt

403 4282 644 4347 hebraice
675 4281 968 4345 questiones
1002 4282 1058 4331 in
1094 4281 1238 4331 libris
1276 4294 1518 4344 geneseos
1550 4280 1560 4343 Ι
1594 4279 1663 4331 16
1696 4278 1817 4327 deus
1852 4276 1974 4326 fecit
2008 4294 2099 4345 μφ
2130 4273 2139 4345 Ι
2182 4276 2245 4330 17
2285 4278 2619 4345 altergationo

408 4388 452 4441 φ
495 4368 506 4435 Ι
548 4364 618 4421 25
653 4366 854 4418 bresiht
884 4371 956 4438 μ1
1002 4370 1012 4435 Ι
1054 4368 1124 4422 26
1159 4368 1322 4418 beben
1353 4385 1400 4435 μ
1445 4366 1456 4430 Ι
1499 4365 1568 4419 29
1611 4365 1830 4415 omnium
1866 4363 2112 4413 librorum
2146 4368 2183 4431 β

2010 4446 2098 4503 1*
