3169 4941
35 2429 43 2442 =
34 2233 50 2416 φ’---
34 2217 37 2224 “
35 2163 37 2190 -·-
41 2098 49 2107 .
41 2050 50 2087 ..-

1289 419 1516 476 Genesis
1551 416 1638 476 10.
2500 423 2573 481 35

266 597 294 642 1
319 575 596 648 ‘Po'dcoc.
693 577 804 647 ὗέκ
856 573 1102 646 τούτων
1160 577 1643 670 ὰφωρίσθησαν
1696 583 1882 670 νῆσοι
1936 585 2065 648 τῶν
2116 579 2329 650 ἐθνῶν
2382 582 2453 651 ἐν
2495 589 2577 674 τῇ

331 692 412 774 γῇ
455 681 672 751 αὐτῶν
689 707 704 722 ·
749 683 1026 764 ἕκαστος
1067 683 1235 752 κατὰ
1275 689 1580 772 γλῶσσαν
1626 685 1699 752 ἐν
1741 689 1891 765 ταῖς
1933 687 2169 774 φυλαῖς
2212 681 2422 756 αὐτῶν
2460 688 2576 756 καὶ

333 787 406 854 ἒν
450 793 598 867 τοῖς
637 784 902 856 ἔθνεσιν
945 785 1172 856 αὐτῶν.
1271 785 1444 857 θυῖοὶ
1485 789 1560 857 δὲ
1602 785 1791 874 Χάμ·
1858 791 2041 870 Χούς
2090 790 2205 858 καὶ
2251 793 2573 882 Μεσραΐν,

342 893 526 960 moed
579 891 693 959 καὶ
751 892 1038 959 Χαναάν.
1138 898 1162 935 '¹
1187 889 1319 960 υἱοὶ
1372 893 1448 962 δὲ
1505 889 1712 974 Χούς·
1784 894 1970 979 Σαβὰ
2031 892 2146 960 καὶ
2207 887 2408 962 Εὗιλὰ
2464 895 2579 964 καὶ

267 1013 298 1059 5
333 997 626 1082 Σαβαθὰ
679 995 792 1062 καὶ
831 992 1066 1082 Ῥεγμὰ
1123 996 1238 1063 καὶ
1293 996 1684 1082 Σαβαθακά.
1767 994 1902 1066 υἱοὶ
1953 997 2029 1065 δὲ
2073 995 2333 1085 Ῥεγμά·
2354 1023 2363 1032 ·
2388 998 2579 1086 Σαβὰ

335 1100 454 1168 καὶ
489 1098 739 1168 Δαδάν.
834 1101 1052 1180 8Χούς
1106 1100 1181 1168 δὲ
1223 1098 1519 1190 ἐγέννησε
1573 1101 1691 1170 τὸν
1735 1097 2012 1192 Νεβρώδ
2026 1125 2043 1142 ·
2098 1094 2286 1182 οὗτος
2338 1099 2577 1192 ἤρξατο

336 1198 510 1272 εἶναι
552 1202 740 1291 γίγας
796 1204 916 1271 ἐπὶ
956 1211 1072 1294 τῆς
1113 1211 1246 1294 γῆς.
1341 1210 1370 1249 ⁹
1385 1197 1578 1285 οὗτος
1634 1199 1713 1296 ἦν
1756 1202 1941 1294 γίγας
1994 1205 2252 1296 κυνηγὸς
2288 1205 2577 1276 ἐναντίον

335 1306 556 1398 κυρίου
597 1312 718 1376 τοῦ
757 1313 922 1374 θεοῦ
937 1331 951 1344 ·
997 1306 1110 1375 διὰ
1150 1312 1346 1376 τοῦτο
1396 1306 1658 1397 ἐροῦσιν
1693 1305 1813 1389 Ὡς
1852 1307 2129 1398 Νεβρώδ
2165 1307 2351 1397 γίγας
2392 1337 2580 1401 nvm-

334 1413 452 1500 γὸς
493 1409 788 1480 ἐναντίον
833 1415 1070 1500 κυρίου.
1133 1411 1316 1478 1θιωιὶ
1355 1411 1609 1498 ἐγένετο
1654 1406 1815 1502 ἀρχὴ
1857 1417 1973 1502 τῆς
2013 1410 2353 1498 βασιλείας
2380 1412 2579 1484 αὐτοῦ

234 1535 301 1580 10
336 1515 658 1600 Βαβυλών
699 1515 811 1582 καὶ
853 1515 1030 1604 Ὀρὲχ
1067 1514 1182 1582 καὶ
1209 1507 1448 1605 Ἀρχὰδ
1478 1515 1595 1583 καὶ
1625 1515 1937 1606 Χαλάννη
1978 1515 2047 1584 ἐν
2087 1521 2169 1607 τῇ
2208 1524 2289 1608 γῇ
2314 1519 2579 1609 Σεναάρ.

347 1620 496 1689 nim
550 1625 667 1710 τῆς
721 1624 834 1709 γῆς
893 1616 1136 1710 ἐκείνης
1192 1619 1466 1710 ἐξῆλθεν
1493 1616 1778 1709 Ἀσσούρ
1796 1642 1813 1658 ·
1887 1620 2003 1687 καὶ
2044 1617 2419 1711 ᾠκοδόμησε
2460 1623 2577 1712 τὴν

329 1723 563 1793 ’Νινευὶ
619 1722 733 1790 καὶ
783 1723 896 1814 τὴν
942 1720 1259 1810 Ῥοωβὼθ
1325 1723 1524 1793 πόλιν
1581 1723 1692 1792 καὶ
1754 1724 1871 1814 τὴν
1915 1724 2149 1808 Χαλὰχ
2231 1728 2291 1768 ²²
2304 1725 2418 1794 καὶ
2464 1725 2578 1816 τὴν

337 1933 470 2007 θαᾷ
507 1947 594 1992 ‹ns-
628 1931 674 1985 E
689 1973 704 1996 ,
741 1937 955 2004 θαρσης
987 1949 1016 1984 z
1032 1972 1046 1985 .
1086 1933 1214 2001 post
1246 1938 1483 2003 θαρσεις
1505 1933 1572 2001 -Ι-
1602 1951 1697 1986 και
1724 1950 1954 2005 χετιειμ,
1988 1949 2017 1986 r
2029 1973 2044 1998 ,
2078 1932 2283 1988 ibidem
2322 1937 2385 2000 -Ι-
2406 1951 2577 2005 χενο-

341 2024 521 2089 θηειμ
569 2035 599 2072 z
653 2021 664 2085 Ι
717 2019 786 2073 13
833 2036 1001 2070 mum
1035 2019 1089 2072 D
1131 2018 1296 2088 [teste
1333 2016 1558 2089 Grabio]
1612 2019 1797 2084 Emrt,
1858 2039 2009 2074 κιτοι
2045 2035 2101 2084 ο,
2142 2039 2320 2074 aco-tun
2354 2037 2387 2076 z
2420 2063 2431 2071 .

485 2105 518 2158 1
555 2107 682 2159 ante
715 2104 908 2179 ροδιοι
945 2105 1010 2173 -Ι-
1047 2124 1142 2158 και
1179 2105 1278 2170 Er,
1319 2106 1386 2174 -Ι-
1427 2125 1482 2158 οι
1522 2122 1552 2159 o
1597 2109 1607 2173 Ι
1655 2109 1685 2162 1
1718 2107 1903 2180 ροδιοι
1941 2116 2009 2168 >
2044 2123 2076 2160 z
2122 2107 2219 2175 Ι’1
2260 2113 2578 2183 αφορισθη*

343 2191 2103 2263 ‹5qu{2postxoeroe-1-rnvE13ev>el3seqq
2152 2193 2581 2262 inmarginen

337 2281 490 2346 χοῦσ
519 2296 602 2349 αφ
637 2297 704 2330 ου
735 2293 1004 2346 χουσαιοι
1042 2284 1338 2332 αιθιοπεσε
1377 2293 1658 2351 μεστραιμ
1697 2299 1779 2350 αφ
1812 2298 1881 2332 ου
1917 2295 2218 2352 μεστραιοι
2256 2297 2577 2349 αιγυπτιοι.

345 2369 504 2434 φουθ
537 2381 620 2434 αφ
665 2383 733 2416 ου
769 2380 1040 2435 φουσαιοι
1073 2367 1294 2432 λιβυεσε
1325 2384 1553 2436 χανααν
1592 2384 1674 2436 αφ
1712 2383 1779 2418 ου
1808 2383 2119 2434 χαναναιοι
2143 2385 2201 2418 οι
2234 2383 2337 2418 νυν
2369 2367 2577 2418 παλαι·-

347 2463 551 2503 στινοι.
591 2447 761 2518 σαβὰ.
801 2469 882 2523 αφ
918 2469 983 2505 ου
1020 2457 1246 2520 σαβαιοι
1283 2458 1573 2506 αιθιοπων
1608 2467 1801 2522 γενοςε
1842 2453 2028 2505 ευιλατ
2043 2489 2058 2505 .
2094 2469 2177 2522 αφ
2204 2467 2270 2502 ου
2292 2451 2576 2519 γέτουλοι.

347 2542 572 2604 σαβαθα
609 2556 696 2608 αφ
733 2556 800 2591 ου
842 2545 1173 2612 ασταβαροι.
1211 2544 1523 2607 σεβεκαθα.
1564 2557 1648 2609 αφ
1676 2558 1744 2592 ov
1768 2544 2137 2608 σεβεχθηνοιτ
2172 2554 2357 2611 ρεγμα
2388 2554 2473 2606 αφ
2509 2554 2577 2588 ov

346 2640 584 2695 ναμενοι
621 2622 878 2691 [Caussin
902 2626 1044 2679 essai
1065 2625 1096 2679 I
1121 2626 1212 2692 73]
1241 2626 1442 2678 ιουδαν
1477 2645 1564 2697 αφ
1610 2643 1675 2678 ου
1712 2624 1964 2678 ιουδαιοι
2001 2630 2339 2677 alstemum·
2374 2628 2537 2679 εθνος
2563 2619 2575 2691 Ι

347 2708 384 2762 3
416 2724 699 2783 μεστραιμ
735 2712 786 2765 D
827 2710 942 2781 [Gn]
976 2729 1064 2775 rz,
1100 2726 1418 2784 μεσαραειμ
1451 2726 1512 2776 c,
1559 2726 1848 2786 μεσαραιμ
1884 2713 1968 2765 mt
2032 2710 2042 2781 Ι
2106 2710 2143 2765 4
2180 2716 2343 2781 φουθ
2376 2710 2429 2764 D
2463 2708 2575 2778 [en]

349 2812 434 2849 οη,
479 2798 488 2866 Ι
533 2797 574 2851 4
603 2816 696 2850 και
732 2797 965 2866 primum
1005 2801 1060 2852 et
1095 2798 1320 2853 tertium
1354 2807 1422 2859 >
1461 2816 1488 2851 z
1520 2801 1529 2865 1
1567 2800 1606 2853 4
1629 2804 1791 2867 χουθ
1825 2799 1943 2853 loeo
1971 2816 2111 2867 χους
2131 2797 2177 2851 Ε
2208 2799 2219 2863 Ι
2248 2796 2287 2851 4
2320 2800 2505 2851 ευιλατ
2527 2796 2581 2850 D

351 2882 462 2952 [GR]
501 2902 560 2937 rz
575 2922 590 2947 ‚
651 2888 834 2937 ευειλα
883 2902 936 2949 c,
999 2888 1218 2939 λευιλατ
1265 2888 1348 2939 mt
1398 2886 1409 2955 Ι
1464 2886 1498 2939 5
1552 2892 1767 2953 σαβατα
1808 2903 1835 2938 z
1890 2888 1900 2951 Ι
1955 2885 1987 2939 5
2024 2904 2119 2937 και
2167 2884 2319 2953 prius
2364 2894 2435 2944 >
2472 2899 2505 2937 z
2564 2880 2577 2952 Ι

348 2972 384 3025 5
417 2972 648 3040 utroque
684 2971 803 3025 loco
842 2989 1060 3047 ρεγχμα
1097 2970 1147 3025 A
1175 2973 1186 3041 Ι
1216 2972 1252 3027 5
1289 2978 1591 3039 σαβακαθα
1630 2970 1729 3026 AD
1772 2972 1931 3041 [teste
1964 2969 2183 3040 Grabio]
2226 2970 2355 3025 Emt
2370 3010 2384 3034 ,
2421 2974 2582 3038 σερε-

352 3062 504 3109 καθα
547 3073 604 3110 rz
636 3056 648 3125 Ι
676 3056 712 3111 5
749 3064 932 3126 σαβαν
965 3057 1119 3123 Emt,
1161 3066 1298 3127 σεβα
1334 3073 1364 3112 e
1403 3059 1414 3125 Ι
1457 3060 1492 3112 6
1531 3058 1721 3111 δαθαν
1754 3061 1870 3122 mt,
1920 3055 2113 3119 ῗούδας
2144 3076 2199 3123 r,
2242 3054 2447 3112 ἰουδὰν
2483 3072 2512 3108 z
2566 3052 2577 3125 Ι

351 3144 386 3197 6
423 3158 716 3211 εγεννησεν
748 3143 872 3198 AEr
907 3145 918 3210 1
961 3145 998 3198 6
1032 3151 1243 3215 νεβρων
1276 3144 1347 3209 Ε,
1384 3146 1643 3221 νεμβρωδ
1681 3160 1713 3198 c
1753 3145 1762 3215 Ι
1794 3146 1827 3199 6
1866 3164 2034 3205 ουτως
2070 3163 2098 3198 z
2136 3145 2148 3213 1
2192 3146 2223 3198 7
2260 3141 2429 3213 priori
2460 3142 2579 3196 loeo

350 3248 531 3299 γηγας
565 3246 594 3283 r
623 3229 634 3298 Ι
667 3231 698 3284 '7
739 3249 838 3297 την
871 3248 978 3300 rm!
1012 3246 1041 3283 ι·
1070 3232 1080 3299 Ι
1128 3232 1159 3285 '7
1201 3250 1360 3299 ρυτος
1394 3248 1464 3298 ην
1496 3249 1665 3302 γιγας
1700 3242 1771 3292 >
1807 3250 1835 3285 z
1864 3234 1876 3299 Ι
1919 3233 1950 3285 7
1992 3250 2179 3287 εναντι
2212 3246 2325 3285 omz
2354 3232 2367 3297 Ι
2412 3229 2449 3283 8
2482 3247 2581 3282 του

351 3320 492 3368 &ov
527 3326 596 3376 >
631 3316 682 3370 D
725 3316 896 3385 [teste
928 3315 1147 3388 Grabio]
1188 3334 1217 3371 ι·
1247 3316 1256 3387 Ι
1287 3318 1322 3371 8
1356 3324 1564 3390 νεβρων
1601 3319 1652 3372 D
1694 3318 1853 3388 [teste
1888 3316 2109 3389 Grabio]
2149 3319 2223 3383 E,
2260 3315 2521 3390 νεμβρωδ
2534 3332 2580 3377 e,

353 3408 577 3477 νεβρωθ
611 3420 640 3457 r
669 3404 680 3472 Ι
709 3402 798 3473 819
834 3422 1076 3474 γυνηγος
1108 3405 1158 3459 D
1195 3406 1338 3459 teste
1373 3403 1572 3459 Grabio
1588 3445 1603 3471 ,
1639 3424 1679 3475 γ
1702 3406 1873 3475 priori
1904 3407 2145 3460 recenter
2178 3405 2239 3459 in
2261 3424 2295 3457 κ
2318 3404 2581 3458 correcto:

353 3507 578 3559 κυνιγος
599 3490 662 3555 Ε,
691 3500 761 3550 >
781 3507 816 3545 a
830 3530 845 3543 .
885 3490 946 3545 in
969 3491 1213 3561 margine
1235 3490 1271 3545 b
1295 3490 1366 3546 ad
1388 3510 1554 3561 γιγας
1571 3510 1803 3563 κυνηγος
1827 3531 1860 3557 ,,
1872 3492 2023 3548 schol
2038 3494 2269 3560 βιαιος“
2298 3490 2308 3557 Ι
2338 3489 2425 3561 8l9
2446 3504 2585 3559 quae

353 3576 496 3631 inter
533 3578 634 3629 διὰ
668 3576 705 3631 8
739 3579 799 3631 et
833 3596 1029 3651 κυριου
1067 3581 1102 3635 9
1137 3577 1314 3635 media
1348 3579 1502 3642 sunt,
1541 3587 1610 3639 >
1646 3581 1674 3632 t
1703 3584 1711 3648 Ι
1743 3579 1778 3633 9
1814 3596 2000 3633 εναντι
2032 3594 2061 3629 z
2100 3577 2111 3645 Ι
2154 3579 2189 3633 9
2221 3580 2348 3647 post
2386 3592 2583 3651 κυριου

357 3664 422 3731 -Ι-
457 3682 558 3717 του
597 3670 742 3717 &ov
778 3664 939 3718 Ecmz
992 3665 1002 3732 Ι
1055 3666 1092 3721 9
1129 3670 1256 3721 ante
1287 3684 1432 3737 αρχη
1473 3666 1538 3733 -Ι-
1571 3685 1607 3732 η
1643 3664 1695 3719 D
1736 3665 1899 3735 [teste
1931 3663 2155 3736 Grabio]
2188 3682 2274 3720 οη
2295 3706 2310 3719 .
2346 3664 2407 3719 in
2438 3678 2583 3719 mar-

353 3750 480 3819 gine
503 3768 534 3805 1·
568 3750 600 3805 ὁ
627 3758 724 3825 εβρ
747 3755 1004 3820 βασιλεία
1028 3772 1256 3827 πρωτον
1285 3770 1380 3805 cm
1407 3758 1629 3827 νεβρωθ·
1664 3759 1969 3825 ωνομασθη
2005 3756 2323 3822 βαβυλωνος
2354 3752 2365 3821 Ι
2396 3755 2467 3808 10
2490 3770 2584 3804 και

350 3839 588 3907 primum
623 3848 693 3898 >
729 3839 780 3892 D
825 3838 984 3907 [teste
1021 3837 1246 3907 Grabio]
1282 3838 1440 3893 Emtz
1485 3842 1496 3905 Ι
1553 3842 1622 3896 10
1659 3840 1810 3909 αχαδ
1840 3840 1891 3893 D
1936 3840 2095 3909 [teste
2130 3838 2354 3908 Grabio]
2390 3838 2520 3891 Emi:
2571 3832 2583 3905 Ι

350 3927 422 3983 10
461 3928 715 3996 χαλαννη
767 3923 1000 3979 Grabius
1043 3925 1104 3980 in
1155 3926 1206 3980 D
1241 3925 1526 3981 recentiori
1577 3940 1745 3979 manu
1790 3924 2050 3995 scriptum
2096 3925 2268 3983 fuisse
2318 3924 2553 3977 testatur
2570 3961 2584 3975 .

349 4016 593 4083 γαλαννι
636 4011 713 4076 Ε,
741 4015 962 4081 χαλανη
997 4015 1111 4069 mtz
1143 4013 1231 4082 [τ’
1252 4012 1399 4082 =--b]
1417 4053 1430 4076 ,
1471 4015 1743 4082 χαλαννει
1785 4028 1841 4075 r,
1894 4011 1955 4065 in
1990 4027 2096 4081 quo
2131 4031 2165 4078 η
2201 4026 2365 4064 manu
2400 4023 2586 4063 reeen-

347 4097 484 4153 tiori
517 4114 680 4169 super
716 4116 766 4152 ει
803 4098 1067 4168 scriptum
1117 4099 1156 4167 Ι.
1183 4100 1252 4156 10
1285 4117 1352 4172 τῃ
1388 4108 1458 4158 >
1493 4098 1544 4151 D
1581 4098 1725 4151 teste
1761 4096 1959 4152 Grabio
2014 4103 2023 4166 Ι
2080 4098 2147 4152 10
2198 4112 2435 4171 σεννααρ
2483 4094 2585 4149 AD

353 4184 521 4253 [teste
558 4184 782 4252 Grabio]
820 4186 1012 4253 Emrtl
1061 4185 1127 4239 11
1161 4200 1352 4259 auo-vp-
1375 4182 1562 4251 acrtzl
1604 4184 1672 4237 11
1711 4184 2077 4253 ωκοδομησεν
2110 4180 2233 4234 ΑΕἙ
2268 4178 2519 4249 [13²=b]
2572 4176 2585 4251 Ι

351 4270 426 4324 12
461 4289 650 4338 νινευη
700 4269 800 4325 AD
849 4272 1010 4341 [teste
1064 4269 1292 4336 Grabio,
1355 4270 1450 4340 qui
1497 4268 1653 4323 addit
1704 4307 1737 4332 „
1754 4268 2179 4337 suprascriptum
2192 4266 2245 4335 ⁴⁴]
2302 4266 2439 4331 mrt,
2492 4284 2586 4332 νη-

349 4368 486 4425 Φευη
523 4356 568 4410 Ε
587 4400 599 4411 .
635 4357 696 4411 in
725 4358 974 4427 margine
1008 4375 1037 4412 r
1073 4357 1225 4411 ἔστιν
1258 4360 1355 4411 καὶ
1391 4374 1450 4411 εν
1498 4360 1565 4422 τῆ
1611 4360 1815 4430 αραβία
1856 4355 2025 4415 πόλις
2068 4349 2353 4408 ἰὀυδάιων
2398 4348 2587 4417 νινευὴ

349 4446 670 4515 καλουμενη
713 4446 724 4513 Ι
781 4443 902 4515 12Ι1
925 4460 930 4463 “
950 4460 1086 4515 quae
1131 4446 1276 4499 inter
1325 4464 1446 4539 και·
1457 4443 1694 4513 primum
1731 4442 1803 4498 12
1850 4444 1906 4500 et
1940 4459 2118 4499 νινευι
2159 4440 2191 4495 1
2230 4439 2409 4497 media
2444 4440 2586 4500 sunt,

2064 4530 2153 4595 3*
