3169 4941
595 428 668 485 48

593 592 694 657 est
738 592 806 657 et
859 592 1080 657 contra
1135 592 1430 659 naturam
1489 592 1619 659 albi
1676 595 1741 660 et
1804 592 1973 679 nigri
2031 594 2273 680 pecoris
2340 598 2615 663 naturali
2685 600 2821 664 arte
2862 615 2890 666 1

591 696 918 780 pugnauit.
1035 698 1166 762 tres
1236 698 1402 761 enim
1463 697 1713 781 uirgas,
1777 699 2077 782 populeas
2140 686 2207 765 et
2262 699 2699 785 amygdalinas
2758 704 2841 769 et.

594 798 750 865 mali
779 799 1046 884 granati,
1095 819 1475 885 quamquam
1516 800 1686 867 LXX
1732 803 2083 885 styracinas
2128 804 2191 869 et
2235 805 2533 871 nucineas
2574 805 2639 869 et
2680 804 2821 887 pla-

594 904 846 969 taninas
890 903 1166 970 habeant
1183 954 1199 981 ,
1247 924 1319 969 ex
1365 908 1542 988 parte
1575 906 1971 972 decorticans
2012 908 2261 973 uarium
2301 909 2625 993 uirgarum
2669 908 2823 974 fecit

593 1007 890 1086 colorem,
935 1011 1034 1087 ut,
1079 1008 1458 1093 ubicumque
1505 1010 1570 1075 in
1615 1010 1799 1094 uirga
1840 1012 2139 1077 corticem
2201 1012 2587 1095 reliquisset,
2651 1014 2817 1077 anti·
2856 1024 2890 1077 5

595 1131 754 1193 quus
810 1116 1208 1195 permaneret
1269 1112 1468 1191 color,
1543 1113 1655 1179 ubi
1712 1134 1863 1179 uero
1919 1114 2173 1181 tulisset
2232 1116 2565 1195 corticem,
2647 1116 2821 1183 color

595 1215 898 1282 candidus
960 1218 1358 1299 panderetur.
1469 1218 1851 1285 obseruabat
1912 1237 2061 1303 ergo
2107 1220 2297 1284 Iacob
2316 1271 2331 1298 ,
2392 1222 2458 1285 et
2515 1222 2819 1304 tempore,

591 1340 715 1404 quo
747 1321 1246 1389 ascendebantur
1288 1342 1534 1406 pecora,
1589 1326 1653 1389 et
1684 1324 1829 1407 post
1861 1323 2135 1389 calorem
2182 1324 2305 1388 diei
2350 1322 2430 1389 ad
2474 1325 2820 1409 potandum

594 1422 782 1491 auida
823 1424 1200 1509 pergebant,
1262 1424 1601 1491 discolores
1647 1428 1861 1511 uirgas
1906 1428 2182 1511 ponebat
2250 1429 2313 1492 in
2372 1428 2697 1493 canalibus
2754 1432 2821 1495 et

591 1529 884 1595 admissis
931 1530 1233 1595 arietibus
1293 1533 1359 1595 et
1415 1530 1611 1596 hircis
1665 1531 1731 1595 in
1793 1531 1931 1614 ipsa
1988 1533 2251 1613 potandi
2314 1532 2617 1598 auiditate
2664 1552 2815 1597 oues
2853 1543 2924 1597 10

595 1634 661 1700 et
708 1652 926 1718 capras
986 1633 1262 1699 faciebat
1329 1635 1611 1713 ascendi,
1686 1637 1760 1699 ut
1827 1654 1901 1700 ex
1964 1635 2199 1719 duplici
2258 1634 2564 1701 desiderio
2582 1686 2596 1713 ,
2667 1637 2817 1700 dum

593 1738 776 1803 auide
821 1738 1044 1804 bibunt
1087 1740 1152 1804 et
1215 1737 1639 1805 ascenduntur
1683 1758 1729 1823 a¹
1773 1740 2051 1807 maribus
2069 1790 2083 1817 ‚
2142 1740 2305 1805 tales
2352 1740 2559 1805 foetus
2606 1741 2816 1805 conci-

590 1843 847 1925 perent,
911 1841 1127 1926 quales
1173 1843 1429 1908 umbras
1476 1842 1750 1907 arietum
1794 1844 1861 1908 et
1905 1842 2227 1909 hircorum
2273 1843 2538 1927 desuper
2596 1862 2816 1908 ascen-

591 1947 876 2012 dentium
939 1947 1004 2011 in
1073 1966 1378 2029 aquarum
1451 1945 1705 2030 speculo
1768 1946 2373 2031 contemplabantur.
2484 1967 2558 2011 ex
2615 1947 2815 2031 uirgis

590 2052 760 2116 enim
801 2051 869 2115 in
913 2049 1238 2115 canalibus
1284 2050 1506 2143 positis
1547 2052 1763 2115 uarius
1810 2053 1948 2116 erat
1988 2051 2179 2115 etiam
2220 2050 2569 2134 imaginum
2618 2050 2809 2117 color..
2852 2065 2918 2117 15

589 2174 707 2219 nec
750 2154 980 2220 mirum
1024 2154 1188 2219 hanc
1249 2156 1316 2218 in
1367 2156 1675 2239 conceptu
1731 2153 2106 2221 feminarum
2166 2173 2301 2219 esse
2358 2156 2681 2232 naturam,
2742 2156 2815 2219 ut

593 2258 812 2343 quales
856 2260 1284 2343 perspexerint
1318 2258 1452 2324 siue
1498 2260 1710 2324 mente
1752 2258 2155 2342 conceperint
2197 2259 2262 2323 in
2310 2262 2586 2324 extremo
2628 2257 2815 2323 uolu—

589 2365 786 2448 ptatis
827 2365 1008 2429 aestu
1055 2382 1214 2447 quae
1245 2363 1640 2447 concipiunt,
1687 2363 1882 2429 talem
1926 2363 2207 2429 sobolem
2249 2364 2620 2447 procreent,
2667 2381 2815 2428 cum

589 2467 709 2534 hoc
748 2468 955 2552 ipsum
1003 2468 1196 2534 etiam
1253 2469 1320 2533 in
1367 2487 1669 2551 equarum
1722 2467 2023 2552 gregibus
2070 2465 2235 2552 apud
2280 2468 2595 2552 Hispanos
2639 2466 2812 2533 dica-

587 2576 694 2638 tur
741 2571 905 2651 fieri,
955 2575 1018 2638 et
1065 2571 1490 2652 Quintilianus
1529 2574 1597 2637 in
1644 2591 1718 2637 ea
1764 2573 2223 2651 controuersia,
2266 2573 2333 2636 in
2382 2591 2501 2656 qua
2550 2591 2810 2637 accusa·
2848 2585 2919 2638 20

591 2677 778 2742 batur
833 2677 1153 2752 matrona,
1227 2675 1392 2759 quod
1436 2675 1817 2759 Aethiopem
1866 2677 2219 2761 pepererit,
2283 2696 2395 2760 pro
2456 2675 2813 2742 defensione

588 2780 764 2846 illius
815 2783 1290 2864 argumentetur
1343 2781 1506 2847 hanc
1575 2783 1991 2865 conceptuum
2038 2799 2173 2845 esse
2218 2782 2512 2845 naturam
2530 2830 2545 2859 ,
2624 2799 2813 2863 quam

593 2904 784 2968 supra
826 2884 1110 2950 diximus.
1210 2886 1543 2968 postquam
1565 2917 1572 2924 ·
1591 2887 1802 2950 autem
1842 2884 1977 2949 nati
2018 2884 2266 2949 fuerant
2308 2883 2491 2949 haedi
2554 2887 2619 2949 et
2662 2885 2815 2968 agni

590 2990 754 3055 uarii
799 2991 864 3055 et
905 2988 1244 3053 discolores
1293 3007 1364 3053 ex
1413 2989 1572 3054 albis
1620 2991 1685 3054 et
1736 2989 1919 3053 unius
1954 2983 2192 3053 'coloris
2236 2988 2563 3072 gregibus,
2630 3007 2812 3072 sepa-

591 3093 776 3158 rabat
827 3092 974 3156 illos
1019 3092 1209 3157 Iacob
1256 3094 1321 3157 et
1378 3091 1599 3176 procul
1660 3111 1795 3158 esse
1853 3092 2127 3157 faciebat
2180 3112 2217 3157 a
2270 3092 2536 3175 pristino
2598 3110 2809 3176 grege,
2847 3109 2920 3162 25

591 3197 646 3261 si
707 3197 814 3279 qui
869 3198 1085 3261 autem
1140 3196 1563 3262 nascebantur
1630 3197 1814 3262 unius
1885 3196 2143 3275 coloriS,
2218 3197 2286 3261 id
2344 3199 2443 3261 est
2484 3195 2624 3260 albi
2678 3195 2812 3260 siue

581 3299 780 3386 nigri,
829 3298 1124 3365 tradebat
1157 3299 1226 3364 in
1268 3300 1556 3365 manibus
1589 3299 1863 3367 filiorum
1893 3301 2138 3366 Laban:
2184 3303 2248 3366 et
2276 3301 2549 3386 ponebat
2578 3299 2813 3383 uirgas,

591 3423 750 3490 quas
795 3404 1221 3470 decoriauerat
1257 3404 1325 3469 in
1367 3405 1724 3485 canalibuS,
1786 3405 1890 3470 ubi
1940 3360 2420 3470 effundebantur
2468 3422 2663 3488 aquae
2681 3453 2697 3484 ,
2750 3405 2815 3469 et

731 3557 802 3612 20
839 3555 1184 3613 Quintilianus

732 3687 765 3740 3
801 3687 1040 3738 nucineas
1077 3692 1176 3754 βγ,
1217 3702 1399 3737 nuceas
1439 3705 1484 3756 φ
1517 3685 1524 3752 Ι
1559 3687 1627 3739 10
1660 3687 1911 3736 ammissis
1944 3704 1989 3755 φ
2021 3685 2027 3753 Ι
2062 3687 2129 3741 10
2166 3686 2444 3736 urientibus
2486 3705 2530 3755 φ
2563 3685 2570 3752 Ι
2604 3684 2673 3738 12
2698 3687 2813 3736 aui-

592 3775 684 3826 dae
720 3791 790 3844 φ,
826 3777 954 3838 quod
980 3791 1079 3823 non
1115 3777 1316 3822 multum
1343 3776 1521 3835 probat
1538 3811 1551 3836 ,
1604 3789 1749 3836 quum
1786 3793 1829 3842 φ
1864 3789 2003 3834 saepe
2038 3789 2095 3823 ae
2126 3790 2224 3834 pro
2271 3789 2297 3822 e
2333 3776 2511 3823 scribat
2544 3775 2550 3839 Ι
2587 3772 2653 3825 13
2688 3789 2812 3838 qua-

591 3863 656 3913 lis
692 3879 735 3932 <p
769 3859 775 3928 Ι
810 3858 877 3914 15
913 3860 1110 3924 positus
1145 3878 1189 3928 φ
1221 3857 1228 3925 Ι
1263 3859 1328 3912 18
1367 3859 1591 3909 subolem
1634 3877 1677 3928 φ
1710 3857 1717 3926 1
1750 3859 1819 3913 20
1857 3860 2211 3925 quintillianus
2248 3879 2291 3929 φ
2332 3859 2337 3927 Ι
2384 3858 2539 3926 20s21
2578 3875 2811 3910 accussa-

591 3951 674 3998 tur
713 3965 756 4016 φ
790 3948 796 4011 Ι
830 3946 900 4004 23
936 3955 1054 4007 post
1087 3945 1304 3994 diximus
1344 3946 1409 4010 -ἧ-
1451 3947 1690 3995 Erasmus
1726 3955 1897 3996 eontra
1930 3950 2051 4015 βγφ
2100 3951 2151 3995 et
2188 3947 2433 4010 scriptum
2468 3946 2721 4010 reperitur
2756 3947 2812 3996 in

591 4032 738 4084 libris
756 4033 1092 4099 Hippocratis
1133 4031 1266 4097 quod
1301 4033 1544 4097 quaedam
1579 4032 1869 4096 suspicione
1909 4032 2145 4082 adulterii
2181 4031 2347 4081 fuerat
2383 4031 2655 4096 punienda,
2698 4047 2813 4082 cum

595 4119 992 4184 pulcherrimum
1037 4118 1346 4182 peperisset,
1395 4118 1597 4182 utrique
1634 4119 1836 4183 parenti
1872 4119 2147 4184 generique
2188 4117 2516 4182 dissimilem,
2570 4119 2672 4167 nisi
2708 4133 2813 4166 me-

595 4210 820 4256 moratus
870 4205 1093 4254 medicus
1143 4204 1382 4254 soluisset
1438 4205 1783 4269 quaestionem
1844 4220 2050 4254 monens
2100 4219 2341 4270 quaerere
2400 4221 2463 4254 ne
2514 4204 2645 4254 forte
2696 4203 2816 4254 talis

597 4291 800 4354 pictura
835 4294 967 4340 esset
1003 4292 1058 4340 in
1093 4290 1354 4354 cubiculo,
1405 4305 1504 4356 qua
1547 4290 1757 4340 inuenta
1803 4291 1985 4341 mulier
2026 4307 2055 4339 a
2088 4291 2377 4354 suspicione
2415 4290 2631 4341 liberata
2683 4294 2761 4339 est
2799 4285 2807 4364 l

594 4371 668 4428 28
706 4373 1054 4424 decoriauerat
1086 4379 1177 4442 βγ,
1224 4373 1588 4425 discoriauerat
1624 4393 1669 4444 φ
