3169 4941
582 390 685 445 160
1512 392 1738 451 Genesis
1771 396 1860 451 39.

577 546 733 641 ἀνὴρ
790 547 1157 639 αἶγῦπτιος,
1221 551 1294 623 ἐκ
1344 560 1575 645 χειρῶν
1630 560 1756 624 τῶν
1825 556 2240 644 Ἰσμαηλιτῶν
2257 607 2274 637 ,
2335 550 2406 623 οἳ
2440 549 2794 645 κατήγαγον
2829 576 2856 620 1

578 648 769 724 αὐτὸν
810 656 961 725 ἐκεῖ.
1056 658 1205 725 *καὶ
1242 651 1320 749 ἦν
1363 657 1583 748 κύριος
1624 657 1789 745 μετὰ
1844 656 2112 749 Ἰωσήφ,
2175 656 2282 725 καὶ
2339 653 2412 749 ἦν
2453 658 2612 750 ἀνὴρ
2652 656 2794 725 ἑπι-

576 756 895 847 τυγχάνων
913 784 928 800 ·
970 760 1082 828 καὶ
1124 760 1372 849 ἐγένετο
1420 764 1489 832 ἐν
1538 769 1632 853 τῷ
1664 761 1824 853 οἴκῳ
1865 763 2049 852 παρὰ
2089 768 2182 853 τῷ
2231 762 2426 852 κυρίῳ
2470 759 2662 832 αὐτοῦ
2702 768 2797 852 τῷ

578 862 916 954 αἰγυπτίῳ.
1013 864 1193 957 ῧῇδει
1251 866 1324 935 δὲ
1382 864 1419 937 ὁ
1479 864 1700 957 κύριος
1751 862 1944 935 αὐτοῦ
1996 866 2100 936 ὅτι
2156 864 2192 935 ὃ
2246 862 2459 957 κύριος
2519 862 2592 958 ἦν
2658 862 2794 953 μετ’

578 970 771 1038 αὐτοῦ
788 1024 804 1053 ,
852 970 964 1037 καὶ
1006 970 1130 1039 ὅσα
1172 970 1283 1039 ἐὰν
1321 978 1512 1063 ποιῇ,
1562 973 1774 1063 κύριος
1815 969 2032 1041 εὖοόοῖ
2061 972 2129 1039 ἐν
2158 977 2304 1052 ταῖς
2336 971 2557 1063 χερσὶν
2585 964 2794 1040 αὐτοῦ.
2828 992 2860 1039 5

584 1074 735 1143 *καὶ
778 1068 946 1165 εὗρεν
981 1073 1215 1167 Ἰωσὴφ
1251 1076 1437 1167 χάριν
1482 1076 1768 1145 ἐναντίον
1816 1084 1932 1145 τοῦ
1983 1073 2200 1166 κυρίου
2245 1068 2443 1144 αὐτοῦ
2491 1076 2602 1145 καὶ
2650 1069 2795 1166 εὖη-

576 1178 884 1270 ρέστησεν
927 1173 1101 1269 αὐτῷ
1116 1205 1131 1219 ·
1191 1182 1301 1248 καὶ
1342 1180 1730 1271 κατέστησεν
1776 1181 1972 1249 αὐτὸν
2030 1180 2148 1248 ἐπὶ
2197 1188 2311 1248 τοῦ
2359 1177 2538 1249 οἴκου
2577 1177 2792 1265 αὐτοῦ,

577 1285 689 1352 καὶ
732 1279 946 1351 πάντα
994 1283 1119 1353 ὅσα
1174 1278 1251 1375 ἦν
1294 1282 1464 1375 αὐτῷ
1509 1282 1713 1354 ἔδωκε
1753 1286 1864 1353 διὰ
1904 1284 2122 1374 χειρὸς
2159 1284 2413 1375 Ἰωσήφ.
2507 1284 2794 1373 5ἕγένετο

576 1387 650 1457 δὲ
701 1387 865 1473 μετὰ
900 1388 992 1457 τὸ
1052 1396 1449 1479 καταστῆναι
1502 1382 1694 1458 αὐτὸν
1746 1388 1862 1457 ἐπὶ
1901 1394 2016 1457 τοῦ
2051 1386 2232 1458 οἴκου
2280 1382 2475 1457 αὐτοῦ
2521 1393 2631 1457 καί
2676 1388 2796 1458 ἐπὶ

576 1491 827 1575 πάντα,
872 1491 997 1561 ὅσα
1040 1486 1116 1583 ἦν
1174 1485 1347 1583 αὐτῷ
1366 1547 1383 1577 ,
1460 1493 1568 1561 καὶ
1639 1490 1946 1584 ηὐλόγησε
2007 1491 2222 1584 κύριος
2277 1493 2390 1561 τὸν
2452 1486 2629 1573 οἶκον
2678 1500 2792 1562 τοῦ
2830 1483 2919 1558 ω’

576 1594 920 1684 αἱγυπτίου
975 1598 1085 1665 διὰ
1127 1590 1386 1688 Ἰωσήφ·
1454 1598 1563 1666 καὶ
1629 1594 1904 1689 ἐγενήθη
1962 1596 2217 1686 εὐλογία
2261 1597 2477 1688 κυρίου
2518 1598 2584 1665 ἐν
2622 1606 2794 1665 πᾶσι

576 1708 719 1784 τοῖς
771 1698 1160 1790 ὑπάρχουσιν
1210 1703 1389 1791 αὐτῷ
1454 1702 1522 1771 ἐν
1564 1710 1659 1791 τῷ
1707 1699 1865 1793 οἴκῳ
1910 1703 2019 1772 καὶ
2077 1703 2146 1771 ἓν
2204 1709 2297 1792 τῷ
2355 1696 2530 1793 ἀγρῷ
2585 1695 2794 1771 αὗτοῦ.

586 1808 731 1875 ὃκοιὶ
786 1806 1113 1895 ἐπέτρεψε
1174 1802 1393 1874 πάντα
1454 1805 1580 1874 ὅσα
1634 1801 1708 1896 ἦν
1751 1800 1924 1897 αὖτῷ
1961 1806 2055 1889 εἰς
2088 1812 2307 1898 χεῖρας
2343 1804 2607 1898 Ἰωσήφ,
2684 1809 2794 1875 καὶ

578 1908 691 1980 οὐκ
745 1908 883 2003 ᾔδει
940 1914 1065 1976 τῶν
1124 1913 1276 1979 καθ’
1333 1908 1529 1979 αὑτὸν
1584 1904 1772 1979 οὐδὲν
1835 1911 2002 2003 πλὴν
2039 1919 2153 1978 τοῦ
2201 1909 2397 1999 ἄρτου
2443 1905 2519 1979 οὗ
2563 1908 2794 2003 ἤσθιεν

578 2011 784 2096 αὐτός.
851 2016 958 2081 καὶ
1017 2009 1090 2104 ἦν
1137 2012 1375 2106 Ἰωσὴφ
1433 2016 1627 2096 καλὸς
1681 2020 1774 2105 τῷ
1831 2012 1992 2084 εἴδει
2045 2016 2154 2083 καὶ
2216 2013 2454 2103 ὡραῖος
2505 2024 2584 2107 τῇ
2636 2012 2797 2106 ὄψει
2831 2038 2897 2085 15

578 2118 854 2208 σφόδρα.
951 2122 975 2161 ⁷
988 2118 1097 2186 καὶ
1142 2118 1389 2206 ἐγένετο
1440 2121 1604 2205 μετὰ
1648 2119 1731 2187 τὰ
1776 2120 2028 2210 ῥήματα
2076 2125 2276 2188 ταῦτα
2332 2120 2444 2188 καὶ
2481 2119 2798 2205 ἐπέβαλεν

576 2220 617 2315 ἡ
659 2222 805 2312 γυνὴ
840 2227 956 2291 τοῦ
999 2221 1217 2312 κυρίου
1258 2218 1445 2292 αὐτοῦ
1499 2225 1650 2305 τοὺς
1693 2224 2086 2315 ὀφθαλμοὺς
2129 2222 2326 2316 αὐτῆς
2369 2222 2488 2293 ἐπὶ
2532 2218 2794 2315 Ἰωσήφ,

580 2451 610 2485 ο
648 2433 711 2487 δε
751 2439 964 2510 εβραιος
1008 2435 1228 2500 αληθως
1275 2451 1537 2504 ευνουχον
1583 2453 1677 2488 και
1725 2451 1922 2488 τουτον
1971 2451 2083 2488 ano
2131 2452 2224 2501 της
2268 2448 2528 2499 πιστεως,
2591 2434 2787 2500 επειδη

579 2523 729 2591 φιλει
777 2539 839 2573 το
875 2539 984 2573 των
1030 2538 1306 2590 ευνουχονν
1354 2539 1514 2590 γενος
1546 2524 1788 2593 μαλιστα
1837 2528 2205 2575 πιστευεσθαι
2252 2540 2319 2573 τα
2358 2537 2654 2592 τιμιωτερα
2683 2537 2794 2572 των

579 2624 871 2675 κτηματων
905 2626 999 2659 και
1038 2625 1211 2673 amm!
1247 2625 1347 2674 την
1378 2610 1656 2675 βασιλειαν
1692 2610 2011 2680 σωτηριαν“
2048 2606 2084 2661 b
2137 2607 2144 2676 Ι
2202 2608 2267 2663 17
2305 2627 2334 2658 ο
2370 2605 2598 2660 alterum
2635 2615 2703 2665 >
2740 2605 2792 2659 D

580 2693 695 2762 [GR]
722 2695 831 2747 emt
859 2693 868 2762 Ι
900 2693 965 2745 17
1002 2712 1383 2766 αρχιμαγηρος
1420 2691 1495 2757 Ε,
1536 2711 1934 2763 αρχιμαχειρος
1967 2709 2001 2746 a

530 2777 536 2782 ’
687 2780 715 2833 1
742 2797 1050 2849 αιγυπτιων
1069 2796 1097 2830 z
1128 2779 1139 2846 Ι
1171 2779 1200 2831 1
1220 2797 1407 2847 χειρος
1423 2781 1473 2834 D
1498 2780 1604 2850 [GR]
1621 2796 1677 2833 cz
1709 2781 1718 2847 Ι
1749 2780 1780 2833 1
1799 2798 1912 2832 των
1928 2789 1996 2839 >
2015 2777 2240 2847 AD[GB]
2257 2778 2475 2832 Eaemtz
2502 2777 2511 2848 Ι
2539 2781 2568 2834 1
2589 2795 2791 2849 ισμαη-

580 2869 775 2920 lecum!
791 2865 854 2930 A,
884 2868 1091 2937 ισμαηλ,
1116 2867 1292 2933 leyen}
1309 2865 1369 2930 Ε,
1397 2870 1737 2938 ισμαιλητων
1758 2882 1813 2918 m
1843 2865 1852 2934 Ι
1886 2868 1916 2920 1
1937 2866 2014 2935 οἳ]
2041 2862 2104 2918 ὃν
2128 2881 2162 2918 a
2191 2868 2200 2931 Ι
2231 2865 2318 2935 213
2337 2865 2580 2934 „Aquila
2602 2883 2793 2918 κατευ-

580 2959 914 3024 θυνομενος.
953 2949 1302 3020 Symmaehus
1338 2953 1757 3025 ευοδουμενος(ι
1787 2951 1822 3007 b
1854 2956 1863 3020 Ι
1893 2953 1928 3006 3
1964 2971 2039 3022 τῳ
2063 2950 2353 3006 seeundum
2374 2952 2497 3011 >E
2529 2954 2537 3018 Ι
2569 2953 2603 3006 3
2625 2971 2792 3026 κυριω

577 3038 636 3092 in
683 3055 738 3092 m
782 3058 912 3112 υριω
958 3054 1122 3092 manu
1164 3039 1445 3093 recentiori
1492 3040 1549 3092 in
1597 3055 1786 3093 rasura.
1829 3039 2089 3107 scriptum
2135 3038 2299 3093 habet
2362 3038 2370 3109 Ι
2441 3041 2475 3094 3
2520 3057 2687 3091 αυτου
2724 3047 2792 3097 >

578 3125 780 3180 AEmtz
812 3127 822 3191 Ι
849 3124 887 3178 4
918 3125 1023 3192 ηδη
1057 3143 1085 3178 z
1116 3129 1125 3192 Ι
1154 3126 1192 3180 4
1227 3145 1411 3200 κυριος
1446 3126 1597 3194 prius
1629 3126 1688 3179 in
1727 3143 1782 3179 m
1821 3145 1970 3200 υριος
2002 3141 2166 3180 manu
2201 3125 2485 3180 recentiori
2518 3125 2576 3179 in
2605 3140 2796 3179 rasura

579 3212 839 3281 seriptum
873 3210 1038 3266 habet
1088 3213 1097 3282 Ι
1150 3212 1186 3266 4
1222 3232 1252 3264 ο
1285 3211 1517 3266 alterum
1552 3223 1620 3272 >
1656 3210 1942 3266 ADEcmtz
1995 3212 2004 3281 Ι
2054 3215 2088 3266 4
2125 3232 2193 3278 ην
2224 3222 2292 3272 >
2325 3211 2423 3265 ΑΙ)
2445 3210 2559 3282 [Gn]
2583 3210 2739 3265 Emtz
2781 3210 2790 3281 Ι

579 3298 612 3352 5
637 3300 764 3372 ante
790 3318 883 3351 και
903 3299 968 3366 -Ι-
989 3314 1106 3352 εστι
1144 3301 1274 3363 mt2,
1301 3301 1366 3366 -Ι-
1390 3314 1539 3353 εστιν
1561 3301 1620 3352 t¹
1652 3301 1661 3368 Ι
1693 3299 1724 3352 5
1762 3298 1886 3368 οσα]
1929 3318 1959 3350 ο
1995 3316 2024 3352 z
2055 3301 2065 3367 Ι
2094 3299 2129 3353 5
2170 3318 2268 3352 sav
2289 3298 2464 3363 EabZ,
2502 3317 2572 3352 αν
2591 3298 2752 3352 Acmt
2778 3296 2789 3368 Ι

578 3385 613 3440 5
654 3403 805 3439 ποιει
840 3385 970 3438 Emz
1000 3389 1009 3452 Ι
1040 3387 1075 3442 5
1111 3386 1320 3440 ευωδοι
1357 3402 1412 3450 c,
1447 3386 1741 3440 κατευοδοι
1775 3401 1861 3449 m,
1900 3384 2087 3439 ευοδει
2125 3403 2152 3438 z
2183 3389 2192 3452 Ι
2223 3387 2257 3439 6
2285 3404 2456 3461 χαριν
2490 3400 2674 3456 ιωσηφ
2711 3401 2741 3437 c
2779 3381 2788 3454 Ι

578 3475 612 3528 6
648 3489 885 3526 ενωπιον
920 3473 971 3527 D
1002 3472 1010 3542 Ι
1042 3472 1127 3542 617
1166 3493 1259 3526 και
1298 3487 1649 3547 ευηρεστησεν
1687 3472 1772 3541 [ut
1791 3471 2035 3526 uidetur:
2073 3472 2319 3541 superest
2350 3487 2574 3538 εστησεν
2597 3471 2691 3541 av]
2723 3470 2790 3534 D,

578 3573 849 3631 ευηρεστει
888 3559 947 3612 δε
979 3559 1110 3623 Am,
1146 3575 1404 3634 ευηρεστη
1443 3560 1505 3613 δε
1540 3559 1615 3623 Ε,
1652 3579 1745 3612 και
1781 3575 2059 3630 ευηρεστει
2097 3576 2159 3624 a,
2195 3573 2515 3633 ευηρεστησε
2553 3558 2614 3610 δε
2654 3559 2736 3611 etz
2780 3558 2786 3626 Ι

578 3646 609 3698 7
646 3663 737 3711 της
772 3663 947 3703 οικιας
980 3645 1077 3710 ΕΖ,
1114 3665 1211 3700 τον
1251 3666 1409 3700 οικου
1442 3648 1526 3700 mt
1562 3646 1571 3716 Ι
1622 3648 1653 3698 7
1692 3664 1858 3698 αυτου
1892 3655 1960 3705 >
1999 3663 2028 3698 z
2071 3647 2078 3713 Ι
2128 3645 2162 3700 8
2198 3645 2323 3713 post
2357 3663 2426 3711 ην
2461 3645 2526 3712 -Ι-
2565 3662 2625 3698 εν
2660 3647 2742 3697 mt
2778 3643 2786 3714 Ι

575 3732 612 3786 8
644 3732 771 3800 post
803 3750 948 3800 αυτῳ
990 3733 1054 3799 4-
1094 3750 1186 3786 sm
1224 3752 1325 3786 του
1362 3752 1517 3786 οικου
1556 3751 1723 3785 αυτου
1753 3747 1785 3784 z
1827 3731 1834 3800 Ι
1879 3733 1914 3787 8
1952 3731 2158 3786 εδωκεν
2193 3731 2350 3785 AEt1
2395 3732 2405 3796 Ι
2454 3731 2488 3786 9
2523 3746 2790 3783 καταστα-

576 3824 745 3886 θηναι
781 3816 880 3871 AD
906 3817 1029 3887 [ont
1065 3822 1309 3889 superest
1344 3819 1610 3890 xarfflw]
1646 3818 1860 3883 Eemtz,
1897 3834 2236 3884 καταστησαι
2259 3836 2294 3873 a
2323 3822 2332 3885 Ι
2361 3817 2396 3871 9
2419 3836 2521 3871 τον
2544 3835 2697 3870 οικον
2721 3833 2748 3868 z
2778 3815 2786 3886 Ι

577 3907 614 3961 9
646 3925 739 3958 και
777 3914 846 3965 >
884 3906 911 3957 t
963 3905 972 3973 Ι
1045 3906 1110 3960 10
1144 3910 1456 3976 ηυλογησεν
1488 3905 1617 3959 AE:
1655 3920 1717 3959 ex
1757 3905 1808 3959 D
1847 3906 2093 3974 superest
2130 3907 2359 3975 ευλογηε
2412 3906 2708 3973 ευλογησευ
2744 3919 2789 3968 e,

578 3994 841 4061 ευλογησε
876 3995 985 4046 mtz
1016 3993 1024 4062 Ι
1060 3993 1126 4046 10
1158 4012 1254 4045 του
1278 4003 1345 4053 >
1372 4010 1399 4044 z
1431 3992 1440 4063 Ι
1474 3993 1537 4046 11
1576 3996 1833 4062 ευλογεια
1866 3992 1917 4046 D
1949 3995 1958 4060 Ι
1992 3995 2056 4047 11
2089 3993 2216 4046 ante
2251 4008 2444 4064 κυριου
2464 3991 2530 4058 -Ι-
2550 4008 2701 4065 παρα
2721 4007 2748 4042 z
2777 3989 2787 4060 Ι

579 4081 646 4134 11
684 4096 743 4131 εν
778 4078 975 4133 omisso
1011 4094 1153 4132 πασι
1188 4095 1246 4144 ο,
1286 4097 1383 4133 em
1420 4095 1596 4133 πασιν
1630 4079 1679 4133 Α
1711 4080 1719 4146 Ι
1752 4078 1819 4132 12
1857 4077 2026 4148 αυτῳ]
2064 4097 2232 4131 αυτου
2266 4077 2317 4130 D
2348 4077 2357 4145 Ι
2409 4076 2475 4131 12
2513 4096 2686 4130 αυτου
2719 4085 2789 4136 >

576 4165 625 4219 A
662 4164 847 4235 [habet
870 4165 943 4235 D]
967 4165 1124 4220 Emtz
1170 4168 1179 4236 Ι
1229 4169 1295 4222 13
1340 4177 1686 4240 επεστρεψεν
1719 4165 1838 4229 ΑΕ,
1880 4174 2185 4235 επεστρεψε
2221 4178 2250 4217 e
2297 4164 2306 4232 Ι
2347 4165 2413 4220 13
2447 4166 2574 4232 post
2609 4182 2687 4222 εις
2721 4164 2788 4231 -Ι-

577 4270 672 4311 τας
706 4269 733 4304 z
802 4252 809 4322 Ι
882 4254 951 4306 14
986 4259 1099 4307 καθ
1135 4271 1327 4306 εαυτον
1359 4251 1437 4317 A,
1487 4273 1588 4306 κατ
1625 4272 1794 4306 αυτον
1836 4251 1960 4315 DE,
2005 4255 2120 4303 καθ
2159 4268 2354 4303 εαυτου
2391 4265 2420 4304 c
2467 4249 2476 4320 Ι
2523 4250 2591 4304 14
2625 4268 2791 4316 κατη-

583 4344 744 4391 σθιεν
779 4353 809 4392 c
838 4339 846 4405 Ι
880 4339 946 4392 15
981 4358 1141 4398 αυτος
1171 4349 1239 4399 >
1275 4339 1324 4392 D
1356 4341 1365 4408 Ι
1400 4340 1465 4394 15
1498 4343 1598 4392 τῶι
1633 4337 1778 4406 {jassa
1813 4340 1840 4392 t
1882 4338 1891 4408 Ι
1939 4338 2005 4392 16
2041 4339 2347 4407 επεβλεψεν
2380 4354 2409 4390 z
2444 4335 2791 4406 sequentibus

580 4438 687 4476 non
720 4424 945 4478 mutatis
