3169 4941
544 392 616 451 86
1480 384 1707 441 Genesis
1742 385 1831 441 24.

543 547 704 639 ματί
773 570 891 617 σου
911 570 924 586 ·
997 539 1188 627 αὐτὸς
1243 537 1603 613 ἀποστελεῖ
1654 544 1765 615 τὸν
1821 542 2081 632 ἄγγελον
2135 537 2331 612 αὖτοῢ
2386 541 2771 634 ἔμπροσθέν
2810 568 2835 613 1

547 676 695 740 σου,
767 651 879 721 καὶ
931 651 1113 742 λήψῃ
1163 655 1430 737 γυναῖκα
1482 653 1580 738 τῷ
1639 646 1765 739 υἱῷ
1820 675 1945 734 μου
1988 648 2263 717 ἐκεῖθεν.
2361 647 2508 716 θέὰν
2566 648 2638 717 δὲ
2683 650 2771 739 μὴ

545 759 713 848 θέλῃ
759 753 798 847 ἡ
839 756 991 845 γυνὴ
1035 758 1443 844 πορευθῆναι
1481 752 1647 839 μετὰ
1686 757 1804 821 σοῢ
1834 751 1931 834 εἷς
1959 752 2074 843 τὴν
2104 758 2216 844 γῆν
2244 752 2506 843 ταύτην,
2549 760 2773 821 καθα-

545 863 676 954 ρὸς,
714 859 832 950 ἔσῃ
886 850 1024 929 ἀπὸ
1087 862 1202 926 τοῦ
1256 854 1446 945 ὅρκου
1485 876 1644 943 μου·
1714 852 1913 943 μόνον
1960 854 2075 926 τὸν
2118 852 2260 926 υἱόν
2303 882 2429 942 μου
2470 856 2560 947 μὴ
2598 850 2776 933 ἀπο-

549 962 840 1055 στρέψῃς
882 962 1037 1031 ἐκεῖ.
1129 966 1156 1007 ⁹
1171 961 1282 1029 καὶ
1321 958 1560 1050 ἔθηκεν
1605 957 1642 1029 ὁ
1674 966 1839 1041 παῖς
1885 960 1996 1051 τὴν
2033 966 2216 1049 χεῖρα
2254 953 2450 1029 αὖτοῢ
2488 958 2621 1031 ὕπὸ
2663 960 2777 1031 τὸν
2813 984 2842 1031 5

546 1067 743 1159 μηρὸν
786 1059 1087 1155 Ἀβραὰμ
1128 1070 1244 1133 τοῦ
1280 1062 1500 1153 κυρίου
1537 1058 1731 1133 αὗτοῢ
1745 1119 1763 1149 ,
1812 1064 1927 1132 καὶ
1979 1062 2228 1151 ὤμοσεν
2275 1058 2449 1155 αὐτῷ
2477 1065 2779 1154 περὶτοῦ

547 1168 830 1263 ῥήματος
885 1170 1135 1242 τούτου.
1232 1168 1416 1237 10καὶ
1479 1167 1707 1255 ἐλαβεν
1759 1168 1796 1237 ὃ
1837 1174 2004 1249 παῖς
2053 1168 2212 1238 δέκα
2269 1166 2591 1260 καμήλους
2634 1162 2774 1239 οἷπό

548 1282 679 1345 τῶν
723 1271 1024 1365 καμήλων
1058 1279 1175 1342 τοῦ
1211 1272 1431 1364 κυρίου
1475 1267 1669 1343 αἰτοῦ
1712 1273 1826 1342 καὶ
1871 1268 2012 1344 ἀπὸ
2057 1270 2315 1341 πάντων
2342 1279 2474 1341 τῶν
2506 1268 2781 1362 ἇγαθῶν

548 1386 664 1449 τοῦ
707 1375 928 1468 κυρίου
971 1368 1167 1447 αὗτοῧ
1208 1382 1365 1465 μεθ’
1413 1375 1637 1447 ἑαυτοῦ
1652 1433 1669 1464 ,
1716 1377 1828 1447 καὶ
1863 1372 2148 1459 ἇναστὰς
2178 1375 2512 1469 ἐπορεύθη
2543 1376 2640 1459 εἷς
2664 1380 2780 1469 τὴν

550 1481 1082 1569 Μεσοποταμίαν
1140 1480 1236 1563 εἷς
1284 1482 1395 1573 τὴν
1448 1477 1647 1551 πόλιν
1702 1478 1962 1571 Ναχώρ.
2059 1488 2118 1525 ¹1
2146 1483 2257 1550 καὶ
2316 1480 2607 1568 ἐκοίμισε
2662 1483 2785 1563 τὰς
2823 1504 2886 1548 10

552 1582 872 1677 καμήλους
901 1584 1028 1669 ἔξω
1069 1591 1188 1676 τῆς
1230 1585 1489 1666 πόλεως
1528 1588 1713 1676 παρὰ
1756 1585 1831 1656 τὸ
1866 1587 2072 1676 φρέαρ
2102 1592 2218 1654 τοῦ
2246 1585 2483 1667 ὓδατος
2509 1587 2584 1656 τὸ
2620 1587 2787 1676 πρὸς

552 1684 719 1782 ὄψέ,
765 1689 951 1781 ἡνίκα
994 1687 1450 1781 ἐκπορεύονται
1511 1688 1584 1757 αἱ
1641 1688 2068 1780 ὗδρευόμεναι.
2166 1691 2347 1759 ”noch
2388 1684 2540 1758 εἶπε
2582 1688 2788 1781 Κύριε

555 1794 594 1867 ὅ
649 1794 813 1876 θεὸς
867 1801 982 1865 τοῦ
1032 1794 1256 1885 κυρίου
1314 1822 1438 1881 μου
1497 1788 1831 1886 Ἀβραάμ,
1907 1788 2225 1864 εὗόδωσον
2287 1793 2577 1863 ἐναντίον
2632 1794 2791 1881 ἐμοῦ

559 1895 838 1989 σήμερον
890 1898 1002 1967 καὶ
1058 1897 1341 1989 ποίησον
1398 1897 1578 1979 ἕλεος
1632 1898 1797 1985 μετὰ
1852 1904 1967 1969 τοῦ
2025 1897 2244 1988 κυρίου
2300 1925 2426 1985 μου
2461 1892 2789 1989 Ἀβραάμ.

566 2006 626 2045 1⁸
645 2002 789 2071 ἰδοὺ
844 2002 970 2089 ἐγὼ
1031 2001 1272 2093 ἕστηκα
1316 2001 1435 2071 ἐπὶ
1478 2007 1596 2093 τῆς
1634 2007 1845 2093 πηγῆς
1884 2008 1999 2072 τοῢ
2040 2002 2305 2088 ὕδατος,
2350 2002 2419 2071 αἳ
2464 2004 2536 2072 δὲ
2576 2012 2788 2090 θυγα-
2830 2022 2923 2069 15·

559 2103 738 2194 τέρες
774 2110 904 2173 τῶν
949 2101 1291 2195 οἰκούντων
1334 2107 1454 2196 τὴν
1496 2105 1693 2176 πόλιν
1738 2103 2200 2196 ἐκπορεύονται
2243 2100 2554 2198 ἀντλῆσαι
2594 2107 2791 2198 ὕδωρ·

570 2215 632 2253 1⁴
643 2210 758 2278 καὶ
833 2208 1020 2279 ἔσται
1082 2207 1121 2299 ἡ
1181 2208 1542 2299 παρθένος,
1608 2204 1649 2301 ᾗ
1689 2208 1768 2278 ἂν
1832 2211 1956 2299 ἐγώ
2020 2208 2194 2279 εἴπω
2248 2204 2617 2280 Ἐπίκλινον
2673 2213 2793 2303 τὴν

572 2311 802 2403 ὓδρίαν
837 2335 980 2399 σου,
1030 2315 1141 2382 ἵνα
1170 2311 1343 2399 πίω,
1386 2314 1502 2381 καὶ
1545 2312 1704 2405 εἴπῃ
1733 2341 1849 2401 μοι
1882 2313 2013 2382 Πίε
2046 2315 2139 2399 σύ,
2181 2314 2293 2383 καὶ
2322 2317 2448 2396 τὰς
2477 2315 2797 2406 καμήλους

576 2440 695 2488 σου
735 2423 984 2504 ποτιῶ,
1044 2416 1168 2500 ἕως
1226 2415 1305 2486 ἂν
1347 2413 1734 2488 παύσωνται
1778 2416 2087 2488 πίνουσαι
2127 2462 2209 2469 -
2261 2415 2495 2510 ταύτην
2527 2417 2798 2511 ἡτοίμα-

568 2546 693 2604 σας
743 2529 841 2613 τῷ
900 2520 1099 2591 παιδί
1154 2546 1271 2591 σου
1330 2527 1427 2614 τῷ
1477 2516 1721 2590 Ἰσαάκ·
1792 2522 1904 2590 καὶ
1948 2523 2019 2591 ἒν
2060 2523 2267 2612 τούτῳ
2323 2519 2653 2610 γνώσομαι
2696 2521 2801 2594 ὅτι
2835 2546 2900 2592 20

567 2691 621 2728 v.
651 2671 721 2730 14
750 2671 934 2728 omnia
967 2671 1390 2728 desiderantur“
1429 2674 1480 2727 D
1521 2673 1637 2743 [GR]
1671 2673 1680 2744 Ι
1714 2673 1778 2727 17
1814 2690 2034 2744 ωμοσεν
2055 2673 2127 2738 A,
2170 2689 2407 2744 ωμωσεν
2434 2690 2489 2728 m
2521 2675 2530 2740 Ι
2562 2675 2682 2742 1711
2715 2678 2803 2728 λε-

569 2778 688 2830 γων
721 2778 798 2814 τω
835 2774 1115 2833 σπερματι
1153 2773 1256 2812 σου
1291 2760 1451 2813 δωσω
1489 2778 1590 2826 την
1621 2777 1729 2830 γην
1762 2777 1969 2825 ταυτην
2002 2777 2031 2813 r

715 2846 744 2902 1
792 2852 1086 2921 εμπροθεν
1121 2849 1238 2909 m¹‚
1276 2844 1452 2914 prima
1490 2861 1657 2899 manu
1690 2847 1987 2900 correctum
2017 2846 2026 2916 Ι
2057 2846 2092 2900 2
2132 2850 2323 2917 λημψη
2359 2844 2408 2899 A
2438 2847 2447 2914 Ι
2479 2847 2513 2901 2
2546 2849 2672 2915 post
2692 2867 2804 2918 μου

574 2933 640 3002 -Ι-
683 2946 855 2986 ισαακ
888 2931 999 2986 Aaz
1031 2931 1040 2999 Ι
1071 2931 1112 2984 2
1148 2930 1210 2984 δε
1248 2940 1317 2990 >
1355 2949 1384 2984 z
1415 2931 1425 2998 Ι
1454 2932 1490 2985 3
1524 2933 1683 2985 θελει
1717 2948 1744 2983 z
1786 2930 1795 3000 Ι
1837 2933 1873 2986 3
1906 2951 2050 3002 μετα
2083 2947 2191 2986 σου
2225 2934 2352 3001 post
2385 2951 2590 2999 ταυτην
2624 2934 2803 2988 conlo-

573 3016 702 3074 cant
725 3019 808 3072 mt
837 3017 848 3088 Ι
875 3018 913 3070 4
947 3017 1068 3091 εσῃ]
1107 3035 1156 3070 ει
1193 3031 1262 3070 συ
1295 3035 1324 3070 z
1355 3017 1364 3086 Ι
1394 3017 1431 3071 4
1465 3037 1633 3091 ορκου
1666 3037 1779 3088 μου
1813 3016 1881 3082 b,
1919 3037 2092 3092 ορκου
2125 3038 2329 3073 τουτου
2367 3018 2603 3084 AamrtZ,
2642 3038 2803 3092 ορκου

573 3124 688 3176 μου
722 3122 918 3156 τουτου
959 3120 990 3157 c
1031 3106 1040 3170 Ι
1081 3103 1117 3158 5
1151 3121 1320 3156 αυτου
1355 3113 1424 3163 >
1459 3120 1516 3157 m
1558 3103 1568 3174 Ι
1612 3103 1701 3174 516
1739 3121 1833 3157 επι
1870 3121 1980 3156 των
2012 3121 2208 3179 μηρων
2244 3121 2273 3156 z
2314 3107 2324 3171 Ι
2364 3107 2397 3159 6
2436 3111 2666 3178 αβρααμ
2701 3125 2803 3158 του

575 3207 768 3264 κυριου
803 3197 872 3248 >
903 3206 932 3242 z
987 3189 996 3259 Ι
1051 3190 1084 3244 6
1122 3196 1347 3264 αβρααμ
1383 3199 1452 3250 >
1492 3188 1570 3254 A,
1624 3188 1870 3244 additum
1904 3191 1990 3246 est
2024 3205 2058 3243 a
2090 3192 2381 3244 correctore
2418 3191 2650 3260 quodam
2685 3206 2805 3260 per-

575 3274 798 3344 antiquo
841 3274 850 3344 Ι
896 3277 928 3329 7
967 3275 1094 3330 inde
1129 3292 1165 3330 a
1198 3274 1422 3345 syllabis
1457 3294 1639 3346 ματος
1674 3276 1824 3330 uocis
1867 3296 2109 3350 ρηματος
2145 3293 2313 3347 usque
2350 3276 2422 3332 ad
2456 3283 2804 3332 Μεσοποτα-

575 3379 718 3432 μιαν
743 3361 813 3416 10
845 3364 1094 3430 superest
1128 3362 1327 3418 lacinia
1360 3361 1556 3418 codicis
1588 3361 1625 3416 S
1671 3362 1680 3429 Ι
1727 3361 1815 3433 819
1858 3381 1967 3416 των
2004 3370 2238 3435 αγαθων
2271 3384 2367 3418 του
2406 3383 2597 3437 κυριου
2636 3383 2804 3417 αυτου

575 3457 692 3508 >r
720 3448 730 3517 Ι
759 3449 796 3504 9
815 3459 1002 3516 την>
1021 3465 1051 3504 ο
1077 3450 1086 3518 Ι
1121 3450 1190 3505 10
1221 3463 1517 3519 εκοιμησεν
1537 3447 1604 3513 A,
1631 3466 1919 3520 εκοιμισεν
1939 3467 1983 3514 r,
2014 3466 2280 3521 εκοιμησε
2300 3452 2435 3504 mtz.
2463 3488 2496 3514 „
2514 3447 2663 3504 schol
2682 3467 2805 3520 εγο-

576 3539 851 3590 νατισεν“
883 3534 1004 3590 bmss
1033 3536 1043 3605 Ι
1075 3535 1140 3590 11
1167 3535 1344 3610 παρα]
1378 3552 1508 3610 περι
1543 3553 1572 3588 z
1602 3536 1613 3604 Ι
1646 3535 1709 3590 11
1750 3535 1950 3595 υδατος
1982 3555 2081 3589 τωι
2104 3553 2242 3611 προς
2274 3553 2327 3590 m
2358 3536 2368 3606 Ι
2401 3538 2467 3592 12
2489 3537 2618 3604 post
2642 3553 2805 3602 ηνικα

579 3621 646 3688 -Ι-
684 3621 750 3674 δε
788 3638 816 3673 z
847 3623 857 3688 Ι
888 3623 958 3678 12
991 3639 1334 3694 επορευοντο
1370 3638 1399 3675 1·
1427 3623 1437 3690 Ι
1469 3621 1537 3677 12
1571 3641 1668 3675 και
1692 3630 1761 3681 >
1786 3639 1814 3674 z
1844 3622 1854 3690 Ι
1887 3622 1955 3676 12
1990 3639 2153 3676 ειπεν
2174 3621 2367 3676 Amrt¹
2398 3624 2407 3691 Ι
2438 3624 2507 3678 12
2527 3642 2711 3695 κυριος
2734 3638 2768 3676 a
2794 3623 2803 3692 Ι

581 3709 649 3764 13
684 3726 798 3778 μου
832 3716 901 3766 >
933 3707 982 3760 A
1035 3709 1045 3776 Ι
1100 3708 1169 3762 13
1211 3708 1378 3779 εμου]
1414 3728 1526 3780 μου
1561 3709 1705 3776 mtl
1764 3709 1831 3764 15
1868 3725 1977 3778 εγω
2012 3718 2081 3769 >
2116 3725 2147 3763 ο
2200 3711 2210 3775 Ι
2266 3710 2333 3766 15
2371 3726 2470 3776 την
2503 3727 2690 3780 πηγην
2726 3725 2755 3763 c
2795 3708 2803 3779 Ι

581 3794 650 3848 15
689 3794 892 3863 πηγης]
933 3812 1036 3864 γης
1067 3809 1101 3847 a
1130 3793 1139 3863 Ι
1171 3793 1240 3849 15
1278 3794 1342 3847 ’δε
1363 3802 1431 3854 >
1451 3813 1479 3847 z
1510 3794 1519 3864 Ι
1553 3793 1709 3865 15116
1743 3801 2081 3870 θυγατεραις
2114 3813 2145 3850 z
2175 3795 2183 3865 Ι
2218 3797 2284 3852 16
2320 3798 2447 3850 ante
2481 3813 2592 3848 των
2619 3797 2684 3863 -Ι-
2704 3813 2812 3848 των

581 3887 900 3957 ανθρωπων
936 3898 966 3936 o
1029 3882 1039 3949 Ι
1103 3882 1170 3937 16
1214 3899 1573 3935 ενοικουντων
1608 3900 1637 3934 z
1702 3883 1713 3950 Ι
1777 3884 1845 3937 16
1896 3885 2162 3950 αντλησαι
2200 3900 2229 3937 1·
2260 3883 2321 3936 in
2356 3881 2602 3952 margine
2644 3897 2809 3936 manu

580 3968 786 4037 prima,
822 3968 882 4022 in
917 3969 1096 4024 media
1129 3969 1335 4038 pagina
1367 3969 1751 4042 υδρευσασθαι
1812 3970 1822 4037 Ι
1878 3968 1943 4023 17
1982 3987 2125 4024 ειπω
2161 3987 2273 4039 εγω
2309 3987 2338 4023 r
2380 3970 2389 4038 Ι
2446 3971 2513 4025 17
2548 3971 2675 4024 ante
2708 3986 2809 4036 την

584 4056 648 4123 -Ι-
682 4075 790 4128 μοι
823 4058 963 4120 mrt,
1001 4057 1067 4125 -Ι-
1107 4076 1153 4128 μ
1193 4056 1358 4125 (quod
1398 4055 1563 4124 uulgo
1598 4075 1712 4128 μου
1747 4055 2036 4125 legendum
2073 4056 2177 4125 est)
2213 4074 2241 4108 z
2274 4056 2283 4124 Ι
2314 4056 2384 4112 18
2420 4057 2547 4110 ante
2584 4075 2698 4108 πιω
2741 4056 2805 4123 -Ι-

583 4159 693 4211 εγω
732 4143 816 4196 miz
843 4145 853 4208 Ι
885 4143 954 4196 18
989 4160 1138 4197 ειπει
1171 4159 1226 4197 m
1257 4143 1266 4213 Ι
1299 4143 1368 4198 18
1408 4162 1512 4212 μοι
1548 4152 1618 4202 >
1654 4144 1765 4197 mrt
1808 4143 1817 4210 Ι
1867 4143 1935 4198 18
1969 4144 2098 4213 post
2131 4159 2228 4195 πιε
2264 4145 2329 4210 -Ι-
2374 4161 2470 4196 και
2505 4158 2563 4196 m
2592 4141 2601 4212 Ι
2634 4141 2702 4197 18
2738 4155 2807 4194 συ

585 4236 652 4286 >
675 4230 760 4282 σή
788 4230 796 4298 Ι
829 4230 898 4284 19
932 4245 1246 4284 παύσονται
1261 4231 1319 4285 tz
1349 4232 1359 4296 Ι
1391 4229 1460 4284 19
1477 4227 1847 4283 πιννουσαιΑ
1878 4229 1887 4297 Ι
1934 4228 2091 4299 19120
2116 4248 2319 4296 ταυτην
2356 4245 2527 4299 usquo
2551 4227 2621 4284 ad
2641 4242 2807 4282 ισαακ

584 4311 670 4366 bis
707 4315 926 4383 scripsit
957 4333 986 4369 1·
1050 4320 1062 4384 Ι
1130 4317 1289 4385 19120
1327 4315 1528 4381 „schol
1563 4317 1907 4378 απεδειξαςίί
1948 4315 1984 4370 b
2002 4323 2071 4358 ¹¹²8
2095 4355 2109 4369 .
2170 4329 2240 4368 συ
2288 4315 2584 4378 ἀπέδειξας
2619 4333 2648 4370 1·
2675 4322 2743 4356 ¹¹¹⁸·
2794 4312 2803 4380 Ι

585 4397 658 4453 20
688 4419 764 4470 τῳ
797 4401 1030 4458 alterum
1063 4413 1132 4464 >
1168 4403 1384 4460 Acmrtz
1413 4406 1424 4470 Ι
1454 4405 1526 4460 20
1556 4404 1757 4473 τουτῳ]
1792 4421 1893 4456 του
1926 4401 2013 4468 A,·
2040 4421 2207 4456 τουτο
2240 4404 2270 4456 t
