<?xml version="1.0" encoding="UTF-8"?>
<!DOCTYPE html PUBLIC "-//W3C//DTD XHTML 1.0 Transitional//EN"
    "http://www.w3.org/TR/xhtml1/DTD/xhtml1-transitional.dtd">
<html xmlns="http://www.w3.org/1999/xhtml" xml:lang="en" lang="en">
 <head>
  <title>
</title>
<meta http-equiv="Content-Type" content="text/html;charset=utf-8" />
  <meta name='ocr-system' content='tesseract 3.04.00' />
  <meta name='ocr-capabilities' content='ocr_page ocr_carea ocr_par ocr_line ocrx_word'/>
</head>
<body>
  <div class='ocr_page' id='page_1' title='image "./genesisgraeceef00unkngoog_0310.png"; bbox 0 0 3169 4941; ppageno 0'>
   <div class='ocr_carea' id='block_1_1' title="bbox 2549 467 2618 526">
    <p class='ocr_par' dir='ltr' id='par_1_1' title="bbox 2549 467 2618 526">
     <span class='ocr_line' id='line_1_1' title="bbox 2549 467 2618 526; baseline -0.014 0"><span class='ocrx_word' id='word_1_1' title='bbox 2549 467 2618 526; x_wconf 71' lang='lat'><em>37</em></span> 
     </span>
    </p>
   </div>
   <div class='ocr_carea' id='block_1_2' title="bbox 290 625 2621 3619">
    <p class='ocr_par' dir='ltr' id='par_1_2' title="bbox 330 625 2621 1024">
     <span class='ocr_line' id='line_1_2' title="bbox 330 625 2621 710; baseline 0.003 -21"><span class='ocrx_word' id='word_1_2' title='bbox 330 645 361 701; x_wconf 91' lang='lat'>1</span> <span class='ocrx_word' id='word_1_3' title='bbox 572 629 730 689; x_wconf 82' lang='lat' dir='ltr'><em>Ecce</em></span> <span class='ocrx_word' id='word_1_4' title='bbox 759 647 864 710; x_wconf 67' lang='lat' dir='ltr'><em>eqo</em></span> <span class='ocrx_word' id='word_1_5' title='bbox 895 631 984 690; x_wconf 76' lang='lat' dir='ltr'><em>sto</em></span> <span class='ocrx_word' id='word_1_6' title='bbox 1015 647 1195 710; x_wconf 72' lang='lat' dir='ltr'><em>snper</em></span> <span class='ocrx_word' id='word_1_7' title='bbox 1211 625 1436 702; x_wconf 77' lang='lat' dir='ltr'><em>fontem</em></span> <span class='ocrx_word' id='word_1_8' title='bbox 1475 647 1679 709; x_wconf 80' lang='lat' dir='ltr'><em>aquae,</em></span> <span class='ocrx_word' id='word_1_9' title='bbox 1718 631 1775 688; x_wconf 82' lang='lat' dir='ltr'><em>ct</em></span> <span class='ocrx_word' id='word_1_10' title='bbox 1797 625 1979 708; x_wconf 79' lang='lat' dir='ltr'><em>filiae</em></span> <span class='ocrx_word' id='word_1_11' title='bbox 2014 629 2319 691; x_wconf 78' lang='lat' dir='ltr'><em>hominum</em></span> <span class='ocrx_word' id='word_1_12' title='bbox 2350 634 2621 696; x_wconf 73' lang='lat' dir='ltr'><em>ciuitatis</em></span> 
     </span>
     <span class='ocr_line' id='line_1_3' title="bbox 395 730 2618 817; baseline 0.002 -21"><span class='ocrx_word' id='word_1_13' title='bbox 395 731 776 815; x_wconf 63' lang='lat' dir='ltr'><em>egredientur</em></span> <span class='ocrx_word' id='word_1_14' title='bbox 805 732 884 794; x_wconf 88' lang='lat' dir='ltr'><em>ad</em></span> <span class='ocrx_word' id='word_1_15' title='bbox 925 730 1318 794; x_wconf 77' lang='lat' dir='ltr'><strong><em>hauriendam</em></strong></span> <span class='ocrx_word' id='word_1_16' title='bbox 1361 751 1609 814; x_wconf 78' lang='lat' dir='ltr'><em>aquam:</em></span> <span class='ocrx_word' id='word_1_17' title='bbox 1646 735 1703 793; x_wconf 89' lang='lat' dir='ltr'><em>et</em></span> <span class='ocrx_word' id='word_1_18' title='bbox 1734 735 1852 793; x_wconf 88' lang='lat' dir='ltr'><em>erit</em></span> <span class='ocrx_word' id='word_1_19' title='bbox 1897 735 2075 813; x_wconf 75' lang='lat' dir='ltr'><em>uiryo</em></span> <span class='ocrx_word' id='word_1_20' title='bbox 2092 781 2108 809; x_wconf 89' lang='lat'><em>,</em></span> <span class='ocrx_word' id='word_1_21' title='bbox 2144 737 2249 795; x_wconf 81' lang='lat' dir='ltr'><em>cui</em></span> <span class='ocrx_word' id='word_1_22' title='bbox 2272 754 2377 817; x_wconf 66' lang='lat' dir='ltr'><em>eqo</em></span> <span class='ocrx_word' id='word_1_23' title='bbox 2406 735 2618 800; x_wconf 75' lang='lat' dir='ltr'><em>dixero</em></span> 
     </span>
     <span class='ocr_line' id='line_1_4' title="bbox 397 834 2618 918; baseline 0.003 -21"><span class='ocrx_word' id='word_1_24' title='bbox 397 835 502 897; x_wconf 89' lang='lat' dir='ltr'><em>Da</em></span> <span class='ocrx_word' id='word_1_25' title='bbox 545 837 702 898; x_wconf 73' lang='lat' dir='ltr'><em>mihi</em></span> <span class='ocrx_word' id='word_1_26' title='bbox 753 836 955 898; x_wconf 80' lang='lat' dir='ltr'><strong><em>bibere</em></strong></span> <span class='ocrx_word' id='word_1_27' title='bbox 993 835 1318 918; x_wconf 77' lang='lat' dir='ltr'><em>paululum</em></span> <span class='ocrx_word' id='word_1_28' title='bbox 1361 855 1550 917; x_wconf 80' lang='lat' dir='ltr'><em>aquae</em></span> <span class='ocrx_word' id='word_1_29' title='bbox 1590 834 1665 896; x_wconf 89' lang='lat' dir='ltr'><em>de</em></span> <span class='ocrx_word' id='word_1_30' title='bbox 1707 835 1927 915; x_wconf 70' lang='lat' dir='ltr'><em>hydria</em></span> <span class='ocrx_word' id='word_1_31' title='bbox 1968 838 2074 898; x_wconf 81' lang='lat' dir='ltr'><em>tua</em></span> <span class='ocrx_word' id='word_1_32' title='bbox 2102 836 2180 899; x_wconf 85' lang='lat' dir='ltr'><em>-et</em></span> <span class='ocrx_word' id='word_1_33' title='bbox 2224 837 2449 902; x_wconf 79' lang='lat' dir='ltr'><em>cetera.</em></span> <span class='ocrx_word' id='word_1_34' title='bbox 2551 839 2618 903; x_wconf 89' lang='lat' dir='ltr'><em>in</em></span> 
     </span>
     <span class='ocr_line' id='line_1_5' title="bbox 394 937 2621 1024; baseline 0.002 -22"><span class='ocrx_word' id='word_1_35' title='bbox 394 939 664 1004; x_wconf 84' lang='lat' dir='ltr'><em>hebraeo</em></span> <span class='ocrx_word' id='word_1_36' title='bbox 727 937 1031 1019; x_wconf 84' lang='lat' dir='ltr'><em>scriptum</em></span> <span class='ocrx_word' id='word_1_37' title='bbox 1091 938 1188 1002; x_wconf 89' lang='lat' dir='ltr'><em>est</em></span> <span class='ocrx_word' id='word_1_38' title='bbox 1234 959 1362 1001; x_wconf 88' lang='lat' dir='ltr'><em>ecce</em></span> <span class='ocrx_word' id='word_1_39' title='bbox 1416 959 1520 1020; x_wconf 74' lang='lat' dir='ltr'><em>eyo</em></span> <span class='ocrx_word' id='word_1_40' title='bbox 1565 942 1729 1000; x_wconf 74' lang='lat' dir='ltr'><em>stan-s·</em></span> <span class='ocrx_word' id='word_1_41' title='bbox 1782 943 1958 1001; x_wconf 69' lang='lat' dir='ltr'><em>iuxta</em></span> <span class='ocrx_word' id='word_1_42' title='bbox 1996 938 2235 1019; x_wconf 86' lang='lat' dir='ltr'><em>fontem</em></span> <span class='ocrx_word' id='word_1_43' title='bbox 2282 961 2497 1024; x_wconf 80' lang='lat' dir='ltr'><em>aquae,</em></span> <span class='ocrx_word' id='word_1_44' title='bbox 2565 949 2621 1007; x_wconf 86' lang='lat' dir='ltr'><em>et</em></span> 
     </span>
    </p>

    <p class='ocr_par' dir='ltr' id='par_1_3' title="bbox 327 1042 2618 1439">
     <span class='ocr_line' id='line_1_6' title="bbox 327 1042 2618 1125; baseline 0.004 -25"><span class='ocrx_word' id='word_1_45' title='bbox 327 1046 362 1100; x_wconf 84' lang='lat'>5</span> <span class='ocrx_word' id='word_1_46' title='bbox 397 1046 512 1106; x_wconf 86' lang='lat' dir='ltr'><em>erit</em></span> <span class='ocrx_word' id='word_1_47' title='bbox 555 1043 993 1106; x_wconf 76' lang='lat' dir='ltr'><em>adolescentula</em></span> <span class='ocrx_word' id='word_1_48' title='bbox 1007 1092 1025 1121; x_wconf 90' lang='lat'><em>,</em></span> <span class='ocrx_word' id='word_1_49' title='bbox 1070 1063 1218 1125; x_wconf 79' lang='lat' dir='ltr'><em>quae</em></span> <span class='ocrx_word' id='word_1_50' title='bbox 1275 1042 1616 1125; x_wconf 75' lang='lat' dir='ltr'><em>eyredietur</em></span> <span class='ocrx_word' id='word_1_51' title='bbox 1666 1043 1745 1104; x_wconf 92' lang='lat' dir='ltr'><em>ad</em></span> <span class='ocrx_word' id='word_1_52' title='bbox 1798 1043 2225 1121; x_wconf 74' lang='lat' dir='ltr'><em>hauriendum,</em></span> <span class='ocrx_word' id='word_1_53' title='bbox 2291 1049 2348 1108; x_wconf 89' lang='lat' dir='ltr'><em>et</em></span> <span class='ocrx_word' id='word_1_54' title='bbox 2407 1046 2618 1110; x_wconf 79' lang='lat' dir='ltr'><em>dixero</em></span> 
     </span>
     <span class='ocr_line' id='line_1_7' title="bbox 395 1147 2615 1230; baseline 0.003 -21"><span class='ocrx_word' id='word_1_55' title='bbox 395 1150 457 1209; x_wconf 85' lang='lat' dir='ltr'><em>ei</em></span> <span class='ocrx_word' id='word_1_56' title='bbox 494 1148 600 1210; x_wconf 91' lang='lat' dir='ltr'><em>Da</em></span> <span class='ocrx_word' id='word_1_57' title='bbox 650 1149 806 1210; x_wconf 75' lang='lat' dir='ltr'><em>mihi</em></span> <span class='ocrx_word' id='word_1_58' title='bbox 846 1150 1046 1210; x_wconf 85' lang='lat' dir='ltr'><em>bibere</em></span> <span class='ocrx_word' id='word_1_59' title='bbox 1075 1148 1406 1230; x_wconf 78' lang='lat' dir='ltr'><em>paululum</em></span> <span class='ocrx_word' id='word_1_60' title='bbox 1451 1167 1641 1229; x_wconf 82' lang='lat' dir='ltr'><em>aquae</em></span> <span class='ocrx_word' id='word_1_61' title='bbox 1701 1147 1773 1208; x_wconf 91' lang='lat' dir='ltr'><em>de</em></span> <span class='ocrx_word' id='word_1_62' title='bbox 1830 1147 2051 1228; x_wconf 72' lang='lat' dir='ltr'><em>hydria</em></span> <span class='ocrx_word' id='word_1_63' title='bbox 2102 1151 2207 1210; x_wconf 84' lang='lat' dir='ltr'><em>tua</em></span> <span class='ocrx_word' id='word_1_64' title='bbox 2266 1148 2329 1211; x_wconf 91' lang='lat' dir='ltr'><em>et</em></span> <span class='ocrx_word' id='word_1_65' title='bbox 2388 1151 2615 1216; x_wconf 78' lang='lat' dir='ltr'><em>cetera.</em></span> 
     </span>
     <span class='ocr_line' id='line_1_8' title="bbox 392 1249 2617 1334; baseline 0.001 -19"><span class='ocrx_word' id='word_1_66' title='bbox 392 1269 506 1333; x_wconf 85' lang='lat' dir='ltr'><em>pro</em></span> <span class='ocrx_word' id='word_1_67' title='bbox 553 1249 1022 1316; x_wconf 81' lang='lat' dir='ltr'><em>adolescentula</em></span> <span class='ocrx_word' id='word_1_68' title='bbox 1067 1267 1333 1334; x_wconf 87' lang='lat' dir='ltr'><em>quoque,</em></span> <span class='ocrx_word' id='word_1_69' title='bbox 1392 1268 1549 1332; x_wconf 86' lang='lat' dir='ltr'><em>quae</em></span> <span class='ocrx_word' id='word_1_70' title='bbox 1593 1267 1821 1332; x_wconf 86' lang='lat' dir='ltr'><em>graeco</em></span> <span class='ocrx_word' id='word_1_71' title='bbox 1872 1267 2157 1315; x_wconf 90' lang='lat' dir='ltr'><em>sermone</em></span> <span class='ocrx_word' id='word_1_72' title='bbox 2206 1255 2421 1328; x_wconf 80' lang='grc' dir='ltr'><strong><em>νεᾶνις</em></strong></span> <span class='ocrx_word' id='word_1_73' title='bbox 2464 1252 2617 1318; x_wconf 85' lang='lat' dir='ltr'><em>dici-</em></span> 
     </span>
     <span class='ocr_line' id='line_1_9' title="bbox 393 1352 2616 1439; baseline 0.002 -21"><span class='ocrx_word' id='word_1_74' title='bbox 393 1355 500 1420; x_wconf 88' lang='lat' dir='ltr'><em>tur</em></span> <span class='ocrx_word' id='word_1_75' title='bbox 520 1404 536 1433; x_wconf 92' lang='lat'>‚</span> <span class='ocrx_word' id='word_1_76' title='bbox 608 1355 697 1421; x_wconf 91' lang='lat' dir='ltr'><em>ibi</em></span> <span class='ocrx_word' id='word_1_77' title='bbox 749 1354 1020 1439; x_wconf 88' lang='lat' dir='ltr'><em>legimus</em></span> <span class='ocrx_word' id='word_1_78' title='bbox 1082 1358 1278 1432; x_wconf 75' lang='lat' dir='ltr'><em>alma,</em></span> <span class='ocrx_word' id='word_1_79' title='bbox 1338 1353 1502 1438; x_wconf 89' lang='lat' dir='ltr'><em>quod</em></span> <span class='ocrx_word' id='word_1_80' title='bbox 1560 1352 1815 1436; x_wconf 89' lang='lat' dir='ltr'><em>quidem</em></span> <span class='ocrx_word' id='word_1_81' title='bbox 1868 1356 1932 1419; x_wconf 86' lang='lat' dir='ltr'><em>et</em></span> <span class='ocrx_word' id='word_1_82' title='bbox 1986 1354 2053 1418; x_wconf 90' lang='lat' dir='ltr'><em>in</em></span> <span class='ocrx_word' id='word_1_83' title='bbox 2108 1355 2275 1420; x_wconf 84' lang='lat' dir='ltr'><em>Isaia</em></span> <span class='ocrx_word' id='word_1_84' title='bbox 2330 1356 2616 1423; x_wconf 81' lang='lat' dir='ltr'><em>habetur.</em></span> 
     </span>
    </p>

    <p class='ocr_par' dir='ltr' id='par_1_4' title="bbox 331 1441 2619 1541">
     <span class='ocr_line' id='line_1_10' title="bbox 331 1441 2619 1541; baseline 0 -17"><span class='ocrx_word' id='word_1_85' title='bbox 331 1441 356 1460; x_wconf 70' lang='grc'><strong>’</strong></span> <span class='ocrx_word' id='word_1_86' title='bbox 395 1479 542 1524; x_wconf 84' lang='lat' dir='ltr'><em>nam</em></span> <span class='ocrx_word' id='word_1_87' title='bbox 601 1459 668 1523; x_wconf 89' lang='lat' dir='ltr'><em>in</em></span> <span class='ocrx_word' id='word_1_88' title='bbox 713 1477 785 1524; x_wconf 92' lang='lat' dir='ltr'><em>eo</em></span> <span class='ocrx_word' id='word_1_89' title='bbox 830 1459 972 1524; x_wconf 89' lang='lat' dir='ltr'><em>loco</em></span> <span class='ocrx_word' id='word_1_90' title='bbox 993 1507 1008 1537; x_wconf 91' lang='lat'>‚</span> <span class='ocrx_word' id='word_1_91' title='bbox 1071 1459 1181 1524; x_wconf 89' lang='lat' dir='ltr'><em>ubi</em></span> <span class='ocrx_word' id='word_1_92' title='bbox 1229 1459 1298 1523; x_wconf 89' lang='lat' dir='ltr'><em>in</em></span> <span class='ocrx_word' id='word_1_93' title='bbox 1343 1458 1576 1522; x_wconf 88' lang='lat' dir='ltr'><em>nostris</em></span> <span class='ocrx_word' id='word_1_94' title='bbox 1618 1456 1938 1522; x_wconf 81' lang='lat' dir='ltr'><em>codicibus</em></span> <span class='ocrx_word' id='word_1_95' title='bbox 1984 1457 2289 1541; x_wconf 83' lang='lat' dir='ltr'><em>scriptum</em></span> <span class='ocrx_word' id='word_1_96' title='bbox 2348 1461 2447 1524; x_wconf 89' lang='lat' dir='ltr'><em>est</em></span> <span class='ocrx_word' id='word_1_97' title='bbox 2492 1483 2619 1526; x_wconf 83' lang='lat' dir='ltr'><em>ecce</em></span> 
     </span>
    </p>

    <p class='ocr_par' dir='ltr' id='par_1_5' title="bbox 291 1561 2621 2065">
     <span class='ocr_line' id='line_1_11' title="bbox 291 1561 2619 1648; baseline 0.003 -26"><span class='ocrx_word' id='word_1_98' title='bbox 291 1569 363 1622; x_wconf 90' lang='lat'><em>10</em></span> <span class='ocrx_word' id='word_1_99' title='bbox 396 1568 572 1647; x_wconf 75' lang='lat' dir='ltr'><em>uiryo</em></span> <span class='ocrx_word' id='word_1_100' title='bbox 615 1569 900 1647; x_wconf 75' lang='lat' dir='ltr'><em>concipiet</em></span> <span class='ocrx_word' id='word_1_101' title='bbox 944 1569 1001 1627; x_wconf 86' lang='lat' dir='ltr'><em>et</em></span> <span class='ocrx_word' id='word_1_102' title='bbox 1049 1567 1282 1648; x_wconf 77' lang='lat' dir='ltr'><em>pariet,</em></span> <span class='ocrx_word' id='word_1_103' title='bbox 1345 1561 1582 1645; x_wconf 79' lang='lat' dir='ltr'><em>Aquila</em></span> <span class='ocrx_word' id='word_1_104' title='bbox 1637 1561 1966 1626; x_wconf 73' lang='lat' dir='ltr'><strong>transtulit</strong></span> <span class='ocrx_word' id='word_1_105' title='bbox 2008 1585 2136 1626; x_wconf 87' lang='lat' dir='ltr'><em>ecce</em></span> <span class='ocrx_word' id='word_1_106' title='bbox 2185 1565 2619 1630; x_wconf 77' lang='lat' dir='ltr'><em>adolescentula</em></span> 
     </span>
     <span class='ocr_line' id='line_1_12' title="bbox 392 1664 2621 1753; baseline 0.002 -23"><span class='ocrx_word' id='word_1_107' title='bbox 392 1671 676 1752; x_wconf 75' lang='lat' dir='ltr'><em>concipiet</em></span> <span class='ocrx_word' id='word_1_108' title='bbox 715 1673 772 1731; x_wconf 86' lang='lat' dir='ltr'><em>et</em></span> <span class='ocrx_word' id='word_1_109' title='bbox 808 1671 1046 1752; x_wconf 80' lang='lat' dir='ltr'><em>pariet,</em></span> <span class='ocrx_word' id='word_1_110' title='bbox 1109 1666 1175 1730; x_wconf 91' lang='lat' dir='ltr'><em>in</em></span> <span class='ocrx_word' id='word_1_111' title='bbox 1232 1665 1504 1731; x_wconf 82' lang='lat' dir='ltr'><em>hebraeo</em></span> <span class='ocrx_word' id='word_1_112' title='bbox 1543 1664 1781 1749; x_wconf 86' lang='lat' dir='ltr'><em>legitur</em></span> <span class='ocrx_word' id='word_1_113' title='bbox 1838 1687 1965 1730; x_wconf 88' lang='lat' dir='ltr'><em>ecce</em></span> <span class='ocrx_word' id='word_1_114' title='bbox 2011 1670 2173 1730; x_wconf 82' lang='lat' dir='ltr'><em>alma</em></span> <span class='ocrx_word' id='word_1_115' title='bbox 2230 1673 2513 1753; x_wconf 75' lang='lat' dir='ltr'><em>concipiet</em></span> <span class='ocrx_word' id='word_1_116' title='bbox 2563 1675 2621 1734; x_wconf 86' lang='lat' dir='ltr'><em>et</em></span> 
     </span>
     <span class='ocr_line' id='line_1_13' title="bbox 379 1768 2620 1855; baseline 0.002 -21"><span class='ocrx_word' id='word_1_117' title='bbox 379 1776 601 1855; x_wconf 78' lang='lat' dir='ltr'><em>pariet.</em></span> <span class='ocrx_word' id='word_1_118' title='bbox 727 1769 1076 1836; x_wconf 84' lang='lat' dir='ltr'><em>notandum</em></span> <span class='ocrx_word' id='word_1_119' title='bbox 1133 1788 1281 1854; x_wconf 87' lang='lat' dir='ltr'><em>ergo</em></span> <span class='ocrx_word' id='word_1_120' title='bbox 1343 1768 1508 1852; x_wconf 87' lang='lat' dir='ltr'><em>quod</em></span> <span class='ocrx_word' id='word_1_121' title='bbox 1563 1768 1830 1836; x_wconf 88' lang='lat' dir='ltr'><em>uerbum</em></span> <span class='ocrx_word' id='word_1_122' title='bbox 1884 1772 2047 1833; x_wconf 83' lang='lat' dir='ltr'><em>alma</em></span> <span class='ocrx_word' id='word_1_123' title='bbox 2102 1790 2445 1855; x_wconf 87' lang='lat' dir='ltr'>numquam</span> <span class='ocrx_word' id='word_1_124' title='bbox 2496 1773 2620 1839; x_wconf 88' lang='lat' dir='ltr'><em>nisi</em></span> 
     </span>
     <span class='ocr_line' id='line_1_14' title="bbox 391 1863 2618 1966; baseline 0.002 -28"><span class='ocrx_word' id='word_1_125' title='bbox 391 1874 458 1938; x_wconf 89' lang='lat' dir='ltr'><em>in</em></span> <span class='ocrx_word' id='word_1_126' title='bbox 516 1874 760 1959; x_wconf 59' lang='lat' dir='ltr'><em>ungine</em></span> <span class='ocrx_word' id='word_1_127' title='bbox 821 1874 1114 1966; x_wconf 65' lang='lat' dir='ltr'><em>scribitur</em></span> <span class='ocrx_word' id='word_1_128' title='bbox 1179 1875 1243 1938; x_wconf 91' lang='lat' dir='ltr'><em>et</em></span> <span class='ocrx_word' id='word_1_129' title='bbox 1313 1874 1506 1939; x_wconf 86' lang='lat' dir='ltr'><em>habet</em></span> <span class='ocrx_word' id='word_1_130' title='bbox 1565 1872 2014 1958; x_wconf 80' lang='lat' dir='ltr'><em>etymologiam</em></span> <span class='ocrx_word' id='word_1_131' title='bbox 2069 1863 2481 1962; x_wconf 76' lang='grc' dir='ltr'><strong><em>ἅπόκρυφος,</em></strong></span> <span class='ocrx_word' id='word_1_132' title='bbox 2552 1877 2618 1942; x_wconf 89' lang='lat' dir='ltr'><em>id</em></span> 
     </span>
     <span class='ocr_line' id='line_1_15' title="bbox 395 1976 2619 2065; baseline 0.002 -23"><span class='ocrx_word' id='word_1_133' title='bbox 395 1980 494 2043; x_wconf 87' lang='lat' dir='ltr'><em>est</em></span> <span class='ocrx_word' id='word_1_134' title='bbox 551 1978 934 2044; x_wconf 85' lang='lat' dir='ltr'><em>abscondita.</em></span> <span class='ocrx_word' id='word_1_135' title='bbox 1038 1978 1344 2060; x_wconf 85' lang='lat' dir='ltr'><em>scriptum</em></span> <span class='ocrx_word' id='word_1_136' title='bbox 1403 1976 1715 2061; x_wconf 80' lang='lat' dir='ltr'><em>siquidem</em></span> <span class='ocrx_word' id='word_1_137' title='bbox 1770 1978 1869 2042; x_wconf 87' lang='lat' dir='ltr'><em>est</em></span> <span class='ocrx_word' id='word_1_138' title='bbox 1926 1977 1991 2042; x_wconf 90' lang='lat' dir='ltr'><em>in</em></span> <span class='ocrx_word' id='word_1_139' title='bbox 2046 1977 2158 2043; x_wconf 87' lang='lat' dir='ltr'><em>Iob</em></span> <span class='ocrx_word' id='word_1_140' title='bbox 2219 1985 2277 2042; x_wconf 84' lang='lat' dir='ltr'><em>et</em></span> <span class='ocrx_word' id='word_1_141' title='bbox 2328 1985 2619 2065; x_wconf 73' lang='lat' dir='ltr'><em>capientia</em></span> 
     </span>
    </p>

    <p class='ocr_par' dir='ltr' id='par_1_6' title="bbox 291 2080 2619 2582">
     <span class='ocr_line' id='line_1_16' title="bbox 291 2080 2618 2164; baseline 0.003 -22"><span class='ocrx_word' id='word_1_142' title='bbox 291 2087 361 2143; x_wconf 84' lang='lat'><em>15</em></span> <span class='ocrx_word' id='word_1_143' title='bbox 397 2084 550 2148; x_wconf 87' lang='lat' dir='ltr'><em>unde</em></span> <span class='ocrx_word' id='word_1_144' title='bbox 599 2087 938 2146; x_wconf 79' lang='lat' dir='ltr'><em>inuenietur</em></span> <span class='ocrx_word' id='word_1_145' title='bbox 951 2080 982 2144; x_wconf 68' lang='lat'><em>‚2</em></span> <span class='ocrx_word' id='word_1_146' title='bbox 1081 2087 1137 2146; x_wconf 85' lang='lat' dir='ltr'><em>et</em></span> <span class='ocrx_word' id='word_1_147' title='bbox 1179 2085 1313 2164; x_wconf 73' lang='lat' dir='ltr'><em>quis</em></span> <span class='ocrx_word' id='word_1_148' title='bbox 1355 2084 1524 2145; x_wconf 75' lang='lat' dir='ltr'><em>locus</em></span> <span class='ocrx_word' id='word_1_149' title='bbox 1566 2081 1945 2146; x_wconf 73' lang='lat' dir='ltr'><em>intellectus?</em></span> <span class='ocrx_word' id='word_1_150' title='bbox 2000 2087 2057 2145; x_wconf 87' lang='lat' dir='ltr'><em>et</em></span> <span class='ocrx_word' id='word_1_151' title='bbox 2112 2085 2494 2147; x_wconf 75' lang='lat' dir='ltr'><em>absconditur</em></span> <span class='ocrx_word' id='word_1_152' title='bbox 2545 2088 2618 2150; x_wconf 82' lang='lat' dir='ltr'><em>ab</em></span> 
     </span>
     <span class='ocr_line' id='line_1_17' title="bbox 393 2183 2615 2265; baseline 0.001 -15"><span class='ocrx_word' id='word_1_153' title='bbox 393 2189 584 2250; x_wconf 70' lang='lat' dir='ltr'><em>oculis</em></span> <span class='ocrx_word' id='word_1_154' title='bbox 627 2190 818 2251; x_wconf 77' lang='lat' dir='ltr'><em>omnis·</em></span> <span class='ocrx_word' id='word_1_155' title='bbox 875 2190 1152 2250; x_wconf 56' lang='lat' dir='ltr'><em>uiuenti&amp;</em></span> <span class='ocrx_word' id='word_1_156' title='bbox 1251 2183 1361 2249; x_wconf 89' lang='lat' dir='ltr'><em>ubi</em></span> <span class='ocrx_word' id='word_1_157' title='bbox 1407 2203 1575 2249; x_wconf 84' lang='lat' dir='ltr'><em>nunc</em></span> <span class='ocrx_word' id='word_1_158' title='bbox 1616 2184 1883 2251; x_wconf 82' lang='lat' dir='ltr'><strong>diximus</strong></span> <span class='ocrx_word' id='word_1_159' title='bbox 1928 2188 2306 2250; x_wconf 74' lang='lat' dir='ltr'><em>absconditur</em></span> <span class='ocrx_word' id='word_1_160' title='bbox 2322 2236 2338 2265; x_wconf 91' lang='lat'>‚</span> <span class='ocrx_word' id='word_1_161' title='bbox 2398 2188 2463 2252; x_wconf 90' lang='lat' dir='ltr'><em>in</em></span> <span class='ocrx_word' id='word_1_162' title='bbox 2501 2189 2615 2252; x_wconf 84' lang='lat' dir='ltr'><em>he-</em></span> 
     </span>
     <span class='ocr_line' id='line_1_18' title="bbox 394 2288 2619 2374; baseline 0 -19"><span class='ocrx_word' id='word_1_163' title='bbox 394 2290 580 2355; x_wconf 82' lang='lat' dir='ltr'><em>braeo</em></span> <span class='ocrx_word' id='word_1_164' title='bbox 631 2291 888 2373; x_wconf 87' lang='lat' dir='ltr'><em>propter</em></span> <span class='ocrx_word' id='word_1_165' title='bbox 959 2289 1441 2354; x_wconf 80' lang='lat' dir='ltr'><em>declinationem</em></span> <span class='ocrx_word' id='word_1_166' title='bbox 1499 2288 1681 2353; x_wconf 89' lang='lat' dir='ltr'><em>uerbi</em></span> <span class='ocrx_word' id='word_1_167' title='bbox 1746 2289 1927 2354; x_wconf 87' lang='lat' dir='ltr'><em>aliter</em></span> <span class='ocrx_word' id='word_1_168' title='bbox 1981 2288 2326 2374; x_wconf 86' lang='lat' dir='ltr'><em>figuratum</em></span> <span class='ocrx_word' id='word_1_169' title='bbox 2376 2295 2619 2357; x_wconf 80' lang='lat' dir='ltr'><em>naalma</em></span> 
     </span>
     <span class='ocr_line' id='line_1_19' title="bbox 394 2391 2617 2478; baseline 0.001 -20"><span class='ocrx_word' id='word_1_170' title='bbox 394 2394 642 2459; x_wconf 87' lang='lat' dir='ltr'><em>dicitur.</em></span> <span class='ocrx_word' id='word_1_171' title='bbox 725 2393 874 2458; x_wconf 87' lang='lat' dir='ltr'><em>huic</em></span> <span class='ocrx_word' id='word_1_172' title='bbox 919 2391 1067 2478; x_wconf 88' lang='lat' dir='ltr'><em>quid</em></span> <span class='ocrx_word' id='word_1_173' title='bbox 1111 2392 1315 2457; x_wconf 89' lang='lat' dir='ltr'><em>simile</em></span> <span class='ocrx_word' id='word_1_174' title='bbox 1334 2441 1349 2470; x_wconf 88' lang='lat'>‚</span> <span class='ocrx_word' id='word_1_175' title='bbox 1393 2392 1546 2458; x_wconf 86' lang='lat' dir='ltr'><em>licet</em></span> <span class='ocrx_word' id='word_1_176' title='bbox 1588 2393 1937 2459; x_wconf 84' lang='lat' dir='ltr'><em>masculino</em></span> <span class='ocrx_word' id='word_1_177' title='bbox 1976 2412 2205 2478; x_wconf 88' lang='lat' dir='ltr'><em>genere</em></span> <span class='ocrx_word' id='word_1_178' title='bbox 2249 2394 2617 2475; x_wconf 80' lang='lat' dir='ltr'><em>declinetur,</em></span> 
     </span>
     <span class='ocr_line' id='line_1_20' title="bbox 394 2496 2617 2582; baseline 0 -18"><span class='ocrx_word' id='word_1_179' title='bbox 394 2499 460 2564; x_wconf 87' lang='lat' dir='ltr'><em>et</em></span> <span class='ocrx_word' id='word_1_180' title='bbox 499 2498 566 2563; x_wconf 90' lang='lat' dir='ltr'><em>in</em></span> <span class='ocrx_word' id='word_1_181' title='bbox 602 2517 943 2582; x_wconf 86' lang='lat' dir='ltr'><em>regnorum</em></span> <span class='ocrx_word' id='word_1_182' title='bbox 991 2497 1170 2563; x_wconf 88' lang='lat' dir='ltr'><em>libris</em></span> <span class='ocrx_word' id='word_1_183' title='bbox 1214 2496 1518 2580; x_wconf 82' lang='lat' dir='ltr'><em>scriptum</em></span> <span class='ocrx_word' id='word_1_184' title='bbox 1567 2499 1694 2576; x_wconf 87' lang='lat' dir='ltr'><em>est,</em></span> <span class='ocrx_word' id='word_1_185' title='bbox 1756 2517 1831 2561; x_wconf 85' lang='lat' dir='ltr'><em>ex</em></span> <span class='ocrx_word' id='word_1_186' title='bbox 1886 2516 2154 2581; x_wconf 83' lang='lat' dir='ltr'><em>persona</em></span> <span class='ocrx_word' id='word_1_187' title='bbox 2195 2498 2477 2564; x_wconf 85' lang='lat' dir='ltr'><em>Helisaei</em></span> <span class='ocrx_word' id='word_1_188' title='bbox 2518 2498 2617 2565; x_wconf 89' lang='lat' dir='ltr'><em>lo-</em></span> 
     </span>
    </p>

    <p class='ocr_par' dir='ltr' id='par_1_7' title="bbox 290 2602 2620 3102">
     <span class='ocr_line' id='line_1_21' title="bbox 290 2602 2620 2687; baseline 0.001 -22"><span class='ocrx_word' id='word_1_189' title='bbox 290 2610 364 2666; x_wconf 82' lang='lat'><em>20</em></span> <span class='ocrx_word' id='word_1_190' title='bbox 400 2602 648 2685; x_wconf 83' lang='lat' dir='ltr'><em>quentis</em></span> <span class='ocrx_word' id='word_1_191' title='bbox 697 2603 777 2669; x_wconf 83' lang='lat' dir='ltr'><em>ad</em></span> <span class='ocrx_word' id='word_1_192' title='bbox 815 2602 990 2668; x_wconf 83' lang='lat' dir='ltr'><em>Giezi</em></span> <span class='ocrx_word' id='word_1_193' title='bbox 1029 2608 1086 2666; x_wconf 87' lang='lat' dir='ltr'><em>et</em></span> <span class='ocrx_word' id='word_1_194' title='bbox 1122 2603 1398 2666; x_wconf 67' lang='lat' dir='ltr'><em>dominu-s*</em></span> <span class='ocrx_word' id='word_1_195' title='bbox 1439 2602 1741 2665; x_wconf 74' lang='lat' dir='ltr'><em>abscondit</em></span> <span class='ocrx_word' id='word_1_196' title='bbox 1782 2624 1820 2665; x_wconf 95' lang='lat' dir='ltr'><em>a</em></span> <span class='ocrx_word' id='word_1_197' title='bbox 1848 2624 1959 2666; x_wconf 87' lang='lat' dir='ltr'><em>me.</em></span> <span class='ocrx_word' id='word_1_198' title='bbox 2049 2622 2199 2687; x_wconf 84' lang='lat' dir='ltr'><em>ergo</em></span> <span class='ocrx_word' id='word_1_199' title='bbox 2230 2606 2419 2681; x_wconf 79' lang='lat' dir='ltr'><em>alma,</em></span> <span class='ocrx_word' id='word_1_200' title='bbox 2453 2602 2620 2687; x_wconf 82' lang='lat' dir='ltr'><em>quod</em></span> 
     </span>
     <span class='ocr_line' id='line_1_22' title="bbox 395 2703 2617 2791; baseline 0 -20"><span class='ocrx_word' id='word_1_201' title='bbox 395 2707 846 2791; x_wconf 80' lang='lat' dir='ltr'><em>interpretatur</em></span> <span class='ocrx_word' id='word_1_202' title='bbox 875 2704 1244 2772; x_wconf 82' lang='lat' dir='ltr'><em>abscondita</em></span> <span class='ocrx_word' id='word_1_203' title='bbox 1261 2754 1276 2782; x_wconf 91' lang='lat'>‚</span> <span class='ocrx_word' id='word_1_204' title='bbox 1319 2703 1384 2769; x_wconf 88' lang='lat' dir='ltr'><em>id</em></span> <span class='ocrx_word' id='word_1_205' title='bbox 1427 2706 1526 2769; x_wconf 89' lang='lat' dir='ltr'><em>est</em></span> <span class='ocrx_word' id='word_1_206' title='bbox 1567 2705 1748 2789; x_wconf 88' lang='lat' dir='ltr'><em>uirgo</em></span> <span class='ocrx_word' id='word_1_207' title='bbox 1790 2706 1983 2771; x_wconf 85' lang='lat' dir='ltr'><em>nimia</em></span> <span class='ocrx_word' id='word_1_208' title='bbox 2030 2704 2357 2791; x_wconf 83' lang='lat' dir='ltr'><em>diligentia</em></span> <span class='ocrx_word' id='word_1_209' title='bbox 2404 2708 2617 2772; x_wconf 86' lang='lat' dir='ltr'><em>custo-</em></span> 
     </span>
     <span class='ocr_line' id='line_1_23' title="bbox 397 2808 2615 2895; baseline 0 -19"><span class='ocrx_word' id='word_1_210' title='bbox 397 2810 560 2890; x_wconf 81' lang='lat' dir='ltr'><em>dita,</em></span> <span class='ocrx_word' id='word_1_211' title='bbox 615 2810 871 2877; x_wconf 86' lang='lat' dir='ltr'><em>maioris</em></span> <span class='ocrx_word' id='word_1_212' title='bbox 915 2810 1074 2874; x_wconf 88' lang='lat' dir='ltr'><em>mihi</em></span> <span class='ocrx_word' id='word_1_213' title='bbox 1109 2809 1363 2874; x_wconf 87' lang='lat' dir='ltr'><em>uidetur</em></span> <span class='ocrx_word' id='word_1_214' title='bbox 1421 2808 1632 2873; x_wconf 85' lang='lat' dir='ltr'><em>laudis</em></span> <span class='ocrx_word' id='word_1_215' title='bbox 1694 2828 1831 2874; x_wconf 85' lang='lat' dir='ltr'><em>esse</em></span> <span class='ocrx_word' id='word_1_216' title='bbox 1886 2828 2073 2892; x_wconf 85' lang='lat' dir='ltr'><em>quam</em></span> <span class='ocrx_word' id='word_1_217' title='bbox 2131 2811 2332 2894; x_wconf 86' lang='lat' dir='ltr'><em>uirgo.</em></span> <span class='ocrx_word' id='word_1_218' title='bbox 2434 2811 2615 2895; x_wconf 85' lang='lat' dir='ltr'><em>uirgo</em></span> 
     </span>
     <span class='ocr_line' id='line_1_24' title="bbox 395 2912 2616 2998; baseline 0.002 -18"><span class='ocrx_word' id='word_1_219' title='bbox 395 2915 622 2998; x_wconf 87' lang='lat' dir='ltr'><em>quippe</em></span> <span class='ocrx_word' id='word_1_220' title='bbox 667 2914 841 2980; x_wconf 86' lang='lat' dir='ltr'><em>iuxta</em></span> <span class='ocrx_word' id='word_1_221' title='bbox 900 2912 1254 2997; x_wconf 84' lang='lat' dir='ltr'><em>apostolum</em></span> <span class='ocrx_word' id='word_1_222' title='bbox 1307 2915 1519 2996; x_wconf 87' lang='lat' dir='ltr'><em>potest</em></span> <span class='ocrx_word' id='word_1_223' title='bbox 1581 2932 1718 2978; x_wconf 88' lang='lat' dir='ltr'><em>esse</em></span> <span class='ocrx_word' id='word_1_224' title='bbox 1764 2932 2023 2998; x_wconf 83' lang='lat' dir='ltr'><em>corpore</em></span> <span class='ocrx_word' id='word_1_225' title='bbox 2075 2916 2140 2979; x_wconf 88' lang='lat' dir='ltr'><em>et</em></span> <span class='ocrx_word' id='word_1_226' title='bbox 2194 2933 2319 2978; x_wconf 88' lang='lat' dir='ltr'><em>non</em></span> <span class='ocrx_word' id='word_1_227' title='bbox 2373 2915 2616 2997; x_wconf 77' lang='lat' dir='ltr'><em>spiritu,</em></span> 
     </span>
     <span class='ocr_line' id='line_1_25' title="bbox 396 3012 2616 3102; baseline 0.001 -19"><span class='ocrx_word' id='word_1_228' title='bbox 396 3015 764 3083; x_wconf 85' lang='lat' dir='ltr'><em>abscondita</em></span> <span class='ocrx_word' id='word_1_229' title='bbox 805 3036 975 3096; x_wconf 88' lang='lat' dir='ltr'><em>uero,</em></span> <span class='ocrx_word' id='word_1_230' title='bbox 1020 3036 1178 3101; x_wconf 85' lang='lat' dir='ltr'><em>quae</em></span> <span class='ocrx_word' id='word_1_231' title='bbox 1223 3016 1405 3101; x_wconf 85' lang='lat' dir='ltr'><em>uirgo</em></span> <span class='ocrx_word' id='word_1_232' title='bbox 1452 3019 1580 3096; x_wconf 81' lang='lat' dir='ltr'><em>est,</em></span> <span class='ocrx_word' id='word_1_233' title='bbox 1626 3012 1932 3080; x_wconf 76' lang='grc' dir='ltr'><strong><em>ἐπίτασιν</em></strong></span> <span class='ocrx_word' id='word_1_234' title='bbox 1976 3018 2363 3102; x_wconf 86' lang='lat' dir='ltr'><em>uirginitatis</em></span> <span class='ocrx_word' id='word_1_235' title='bbox 2405 3019 2616 3097; x_wconf 86' lang='lat' dir='ltr'><em>habet,</em></span> 
     </span>
    </p>

    <p class='ocr_par' dir='ltr' id='par_1_8' title="bbox 292 3120 2619 3619">
     <span class='ocr_line' id='line_1_26' title="bbox 292 3120 2619 3206; baseline 0.002 -21"><span class='ocrx_word' id='word_1_236' title='bbox 292 3130 362 3185; x_wconf 85' lang='lat'><em>25</em></span> <span class='ocrx_word' id='word_1_237' title='bbox 397 3124 471 3187; x_wconf 88' lang='lat' dir='ltr'><em>ut</em></span> <span class='ocrx_word' id='word_1_238' title='bbox 517 3124 582 3187; x_wconf 90' lang='lat' dir='ltr'><em>et</em></span> <span class='ocrx_word' id='word_1_239' title='bbox 624 3122 804 3206; x_wconf 86' lang='lat' dir='ltr'><em>uirgo</em></span> <span class='ocrx_word' id='word_1_240' title='bbox 853 3122 938 3187; x_wconf 83' lang='lat' dir='ltr'><em>sit</em></span> <span class='ocrx_word' id='word_1_241' title='bbox 983 3124 1049 3187; x_wconf 85' lang='lat' dir='ltr'><em>et</em></span> <span class='ocrx_word' id='word_1_242' title='bbox 1094 3120 1489 3199; x_wconf 85' lang='lat' dir='ltr'><em>abscondita,</em></span> <span class='ocrx_word' id='word_1_243' title='bbox 1531 3123 1599 3187; x_wconf 84' lang='lat' dir='ltr'><em>et</em></span> <span class='ocrx_word' id='word_1_244' title='bbox 1644 3140 1802 3204; x_wconf 87' lang='lat' dir='ltr'><em>quae</em></span> <span class='ocrx_word' id='word_1_245' title='bbox 1851 3122 2219 3187; x_wconf 84' lang='lat' dir='ltr'><em>abscondita</em></span> <span class='ocrx_word' id='word_1_246' title='bbox 2256 3124 2383 3201; x_wconf 90' lang='lat' dir='ltr'><em>est,</em></span> <span class='ocrx_word' id='word_1_247' title='bbox 2441 3122 2619 3189; x_wconf 82' lang='lat' dir='ltr'><em>iuxta</em></span> 
     </span>
     <span class='ocr_line' id='line_1_27' title="bbox 394 3224 2617 3310; baseline 0.001 -21"><span class='ocrx_word' id='word_1_248' title='bbox 394 3225 628 3290; x_wconf 83' lang='lat' dir='ltr'><em>idioma</em></span> <span class='ocrx_word' id='word_1_249' title='bbox 679 3224 936 3308; x_wconf 85' lang='lat' dir='ltr'><em>linguae</em></span> <span class='ocrx_word' id='word_1_250' title='bbox 1039 3224 1346 3291; x_wconf 82' lang='lat' dir='ltr'><em>hebraeae</em></span> <span class='ocrx_word' id='word_1_251' title='bbox 1413 3228 1869 3308; x_wconf 73' lang='lat' dir='ltr'><em>consequenter</em></span> <span class='ocrx_word' id='word_1_252' title='bbox 1914 3228 1981 3291; x_wconf 90' lang='lat' dir='ltr'><em>et</em></span> <span class='ocrx_word' id='word_1_253' title='bbox 2032 3227 2214 3310; x_wconf 87' lang='lat' dir='ltr'><em>uirgo</em></span> <span class='ocrx_word' id='word_1_254' title='bbox 2262 3230 2390 3306; x_wconf 87' lang='lat' dir='ltr'><em>est,</em></span> <span class='ocrx_word' id='word_1_255' title='bbox 2458 3246 2617 3310; x_wconf 84' lang='lat' dir='ltr'><em>quae</em></span> 
     </span>
     <span class='ocr_line' id='line_1_28' title="bbox 397 3330 2619 3413; baseline 0 -18"><span class='ocrx_word' id='word_1_256' title='bbox 397 3332 610 3395; x_wconf 85' lang='lat' dir='ltr'><em>autem</em></span> <span class='ocrx_word' id='word_1_257' title='bbox 655 3330 852 3413; x_wconf 83' lang='lat' dir='ltr'><em>uirgo,</em></span> <span class='ocrx_word' id='word_1_258' title='bbox 894 3347 1022 3392; x_wconf 88' lang='lat' dir='ltr'><em>non</em></span> <span class='ocrx_word' id='word_1_259' title='bbox 1067 3330 1282 3394; x_wconf 83' lang='lat' dir='ltr'><em>statim</em></span> <span class='ocrx_word' id='word_1_260' title='bbox 1329 3330 1611 3413; x_wconf 82' lang='lat' dir='ltr'><em>sequitur</em></span> <span class='ocrx_word' id='word_1_261' title='bbox 1639 3332 1713 3394; x_wconf 89' lang='lat' dir='ltr'><em>ut</em></span> <span class='ocrx_word' id='word_1_262' title='bbox 1742 3330 2109 3396; x_wconf 83' lang='lat' dir='ltr'><em>abscondita</em></span> <span class='ocrx_word' id='word_1_263' title='bbox 2140 3331 2239 3396; x_wconf 90' lang='lat' dir='ltr'><em>sit.</em></span> <span class='ocrx_word' id='word_1_264' title='bbox 2302 3331 2423 3395; x_wconf 88' lang='lat' dir='ltr'><em>hoc</em></span> <span class='ocrx_word' id='word_1_265' title='bbox 2450 3330 2619 3397; x_wconf 92' lang='lat' dir='ltr'><em>idem</em></span> 
     </span>
     <span class='ocr_line' id='line_1_29' title="bbox 396 3432 2617 3517; baseline 0.001 -19"><span class='ocrx_word' id='word_1_266' title='bbox 396 3433 662 3498; x_wconf 88' lang='lat' dir='ltr'><em>uerbum</em></span> <span class='ocrx_word' id='word_1_267' title='bbox 703 3434 768 3497; x_wconf 89' lang='lat' dir='ltr'><em>et</em></span> <span class='ocrx_word' id='word_1_268' title='bbox 807 3433 876 3495; x_wconf 89' lang='lat' dir='ltr'><em>in</em></span> <span class='ocrx_word' id='word_1_269' title='bbox 919 3434 1133 3497; x_wconf 83' lang='lat' dir='ltr'><em>Exodo</em></span> <span class='ocrx_word' id='word_1_270' title='bbox 1181 3432 1256 3497; x_wconf 90' lang='lat' dir='ltr'><em>de</em></span> <span class='ocrx_word' id='word_1_271' title='bbox 1303 3433 1507 3498; x_wconf 85' lang='lat' dir='ltr'><em>Maria</em></span> <span class='ocrx_word' id='word_1_272' title='bbox 1550 3451 1763 3497; x_wconf 87' lang='lat' dir='ltr'><em>sorore</em></span> <span class='ocrx_word' id='word_1_273' title='bbox 1792 3434 2002 3515; x_wconf 83' lang='lat' dir='ltr'><em>Moysi</em></span> <span class='ocrx_word' id='word_1_274' title='bbox 2038 3434 2285 3517; x_wconf 87' lang='lat' dir='ltr'><em>uirgine</em></span> <span class='ocrx_word' id='word_1_275' title='bbox 2326 3432 2617 3517; x_wconf 76' lang='lat' dir='ltr'><em>legimus,</em></span> 
     </span>
     <span class='ocr_line' id='line_1_30' title="bbox 398 3535 2618 3619; baseline -0 -18"><span class='ocrx_word' id='word_1_276' title='bbox 398 3536 734 3602; x_wconf 83' lang='lat' dir='ltr'><em>ostendant</em></span> <span class='ocrx_word' id='word_1_277' title='bbox 787 3536 984 3619; x_wconf 84' lang='lat' dir='ltr'><em>igitur</em></span> <span class='ocrx_word' id='word_1_278' title='bbox 1027 3536 1242 3601; x_wconf 85' lang='lat' dir='ltr'><em>Iudaei</em></span> <span class='ocrx_word' id='word_1_279' title='bbox 1295 3536 1361 3599; x_wconf 89' lang='lat' dir='ltr'><em>in</em></span> <span class='ocrx_word' id='word_1_280' title='bbox 1420 3535 1747 3618; x_wconf 87' lang='lat' dir='ltr'><em>scripturis</em></span> <span class='ocrx_word' id='word_1_281' title='bbox 1810 3535 2045 3601; x_wconf 85' lang='lat' dir='ltr'><em>alicubi</em></span> <span class='ocrx_word' id='word_1_282' title='bbox 2099 3537 2375 3619; x_wconf 86' lang='lat' dir='ltr'><em>positum</em></span> <span class='ocrx_word' id='word_1_283' title='bbox 2436 3539 2618 3615; x_wconf 80' lang='lat' dir='ltr'><em>alma,</em></span> 
     </span>
    </p>
   </div>
   <div class='ocr_carea' id='block_1_3' title="bbox 467 3720 2618 3792">
    <p class='ocr_par' dir='ltr' id='par_1_9' title="bbox 467 3720 2618 3792">
     <span class='ocr_line' id='line_1_31' title="bbox 467 3720 2618 3792; baseline -0.001 -12"><span class='ocrx_word' id='word_1_284' title='bbox 467 3722 899 3792; x_wconf 69' lang='lat' dir='ltr'><em>1e0n24,4319</em></span> <span class='ocrx_word' id='word_1_285' title='bbox 931 3724 1043 3786; x_wconf 70' lang='lat'><strong>1⁸7,</strong></span> <span class='ocrx_word' id='word_1_286' title='bbox 1065 3723 1133 3777; x_wconf 88' lang='lat'><em>14</em></span> <span class='ocrx_word' id='word_1_287' title='bbox 1158 3722 1164 3791; x_wconf 81' lang='grc' dir='ltr'>ι</span> <span class='ocrx_word' id='word_1_288' title='bbox 1189 3724 1258 3777; x_wconf 85' lang='lat'><em>14</em></span> <span class='ocrx_word' id='word_1_289' title='bbox 1285 3722 1672 3792; x_wconf 72' lang='lat' dir='ltr'>10b28,2021!</span> <span class='ocrx_word' id='word_1_290' title='bbox 1700 3724 1766 3777; x_wconf 88' lang='lat'><em>19</em></span> <span class='ocrx_word' id='word_1_291' title='bbox 1802 3722 2111 3789; x_wconf 57' lang='lat' dir='ltr'><em>Regum</em></span> <span class='ocrx_word' id='word_1_292' title='bbox 2137 3720 2382 3791; x_wconf 58' lang='grc'><em>1239128</em></span> <span class='ocrx_word' id='word_1_293' title='bbox 2406 3724 2555 3787; x_wconf 65' lang='lat'>212,</span> <span class='ocrx_word' id='word_1_294' title='bbox 2582 3722 2618 3777; x_wconf 86' lang='lat'>8</span> 
     </span>
    </p>
   </div>
   <div class='ocr_carea' id='block_1_4' title="bbox 394 3869 2619 4475">
    <p class='ocr_par' dir='ltr' id='par_1_10' title="bbox 394 3869 2619 4475">
     <span class='ocr_line' id='line_1_32' title="bbox 537 3869 2612 3954; baseline -0.001 -17"><span class='ocrx_word' id='word_1_295' title='bbox 537 3883 572 3937; x_wconf 85' lang='lat'>2</span> <span class='ocrx_word' id='word_1_296' title='bbox 607 3885 669 3936; x_wconf 78' lang='lat' dir='ltr'><em>ad</em></span> <span class='ocrx_word' id='word_1_297' title='bbox 703 3884 1036 3936; x_wconf 79' lang='lat' dir='ltr'><em>hauriendum</em></span> <span class='ocrx_word' id='word_1_298' title='bbox 1071 3899 1250 3951; x_wconf 79' lang='lat' dir='ltr'><em>aquam</em></span> <span class='ocrx_word' id='word_1_299' title='bbox 1285 3902 1330 3953; x_wconf 87' lang='grc' dir='ltr'><strong>φ</strong></span> <span class='ocrx_word' id='word_1_300' title='bbox 1360 3883 1368 3953; x_wconf 90' lang='grc' dir='ltr'>Ι</span> <span class='ocrx_word' id='word_1_301' title='bbox 1399 3884 1435 3939; x_wconf 87' lang='grc'>4</span> <span class='ocrx_word' id='word_1_302' title='bbox 1470 3886 1616 3935; x_wconf 79' lang='lat' dir='ltr'><em>iuxta</em></span> <span class='ocrx_word' id='word_1_303' title='bbox 1650 3890 1739 3951; x_wconf 80' lang='grc' dir='ltr'><em>βγ,</em></span> <span class='ocrx_word' id='word_1_304' title='bbox 1778 3900 1928 3951; x_wconf 86' lang='lat' dir='ltr'><em>super</em></span> <span class='ocrx_word' id='word_1_305' title='bbox 1963 3902 2008 3953; x_wconf 85' lang='grc' dir='ltr'><em>φ</em></span> <span class='ocrx_word' id='word_1_306' title='bbox 2039 3882 2047 3951; x_wconf 81' lang='grc' dir='ltr'>Ι</span> <span class='ocrx_word' id='word_1_307' title='bbox 2079 3882 2115 3938; x_wconf 84' lang='grc'><strong>5</strong></span> <span class='ocrx_word' id='word_1_308' title='bbox 2158 3869 2612 3954; x_wconf 53' lang='lat' dir='ltr'><em>adulescentulam!</em></span> 
     </span>
     <span class='ocr_line' id='line_1_33' title="bbox 394 3970 2617 4041; baseline -0.002 -15"><span class='ocrx_word' id='word_1_309' title='bbox 394 3972 430 4026; x_wconf 84' lang='lat'>5</span> <span class='ocrx_word' id='word_1_310' title='bbox 467 3972 726 4037; x_wconf 73' lang='lat' dir='ltr'><em>egreditur</em></span> <span class='ocrx_word' id='word_1_311' title='bbox 757 3990 802 4041; x_wconf 83' lang='grc' dir='ltr'><em>φ</em></span> <span class='ocrx_word' id='word_1_312' title='bbox 847 3970 855 4036; x_wconf 91' lang='grc' dir='ltr'>Ι</span> <span class='ocrx_word' id='word_1_313' title='bbox 896 3971 927 4025; x_wconf 81' lang='grc'>7</span> <span class='ocrx_word' id='word_1_314' title='bbox 964 3970 1340 4021; x_wconf 75' lang='lat' dir='ltr'><em>adulescentula</em></span> <span class='ocrx_word' id='word_1_315' title='bbox 1376 3990 1420 4040; x_wconf 77' lang='grc' dir='ltr'><em>φ</em></span> <span class='ocrx_word' id='word_1_316' title='bbox 1465 3970 1474 4035; x_wconf 96' lang='grc' dir='ltr'>Ι</span> <span class='ocrx_word' id='word_1_317' title='bbox 1518 3970 1549 4023; x_wconf 85' lang='grc'>7</span> <span class='ocrx_word' id='word_1_318' title='bbox 1588 3986 1780 4037; x_wconf 69' lang='lat' dir='ltr'><em>neauye</em></span> <span class='ocrx_word' id='word_1_319' title='bbox 1821 3974 2142 4021; x_wconf 74' lang='lat' dir='ltr'><em>berolinensis</em></span> <span class='ocrx_word' id='word_1_320' title='bbox 2181 3979 2227 4019; x_wconf 82' lang='lat' dir='ltr'><em>et</em></span> <span class='ocrx_word' id='word_1_321' title='bbox 2271 3973 2617 4037; x_wconf 59' lang='lat' dir='ltr'><em>scapha-emus,</em></span> 
     </span>
     <span class='ocr_line' id='line_1_34' title="bbox 395 4054 2611 4126; baseline -0.001 -17"><span class='ocrx_word' id='word_1_322' title='bbox 395 4059 574 4110; x_wconf 68' lang='lat' dir='ltr'><em>nennio</em></span> <span class='ocrx_word' id='word_1_323' title='bbox 596 4060 796 4124; x_wconf 72' lang='lat' dir='ltr'><em>fricinq</em></span> <span class='ocrx_word' id='word_1_324' title='bbox 826 4056 836 4125; x_wconf 85' lang='grc' dir='ltr'>Ι</span> <span class='ocrx_word' id='word_1_325' title='bbox 866 4058 900 4112; x_wconf 90' lang='grc'><strong>8</strong></span> <span class='ocrx_word' id='word_1_326' title='bbox 932 4057 1098 4107; x_wconf 75' lang='lat' dir='ltr'><em>aalma</em></span> <span class='ocrx_word' id='word_1_327' title='bbox 1132 4075 1177 4126; x_wconf 81' lang='grc' dir='ltr'>φ</span> <span class='ocrx_word' id='word_1_328' title='bbox 1208 4056 1217 4123; x_wconf 95' lang='grc' dir='ltr'>Ι</span> <span class='ocrx_word' id='word_1_329' title='bbox 1250 4057 1318 4111; x_wconf 90' lang='grc'><em>10</em></span> <span class='ocrx_word' id='word_1_330' title='bbox 1351 4066 1465 4107; x_wconf 78' lang='lat' dir='ltr'><em>ante</em></span> <span class='ocrx_word' id='word_1_331' title='bbox 1498 4057 1671 4122; x_wconf 72' lang='lat' dir='ltr'><em>aquila</em></span> <span class='ocrx_word' id='word_1_332' title='bbox 1707 4057 1773 4122; x_wconf 59' lang='lat' dir='ltr'><em>-l-</em></span> <span class='ocrx_word' id='word_1_333' title='bbox 1810 4062 1861 4107; x_wconf 85' lang='lat' dir='ltr'><em>et</em></span> <span class='ocrx_word' id='word_1_334' title='bbox 1897 4076 1941 4125; x_wconf 90' lang='grc' dir='ltr'><strong>φ</strong></span> <span class='ocrx_word' id='word_1_335' title='bbox 1970 4058 1981 4125; x_wconf 81' lang='grc' dir='ltr'>Ι</span> <span class='ocrx_word' id='word_1_336' title='bbox 2014 4056 2080 4110; x_wconf 86' lang='grc'><em>10</em></span> <span class='ocrx_word' id='word_1_337' title='bbox 2116 4056 2492 4107; x_wconf 71' lang='lat' dir='ltr'><em>adulescentula</em></span> <span class='ocrx_word' id='word_1_338' title='bbox 2519 4074 2564 4126; x_wconf 88' lang='grc' dir='ltr'><strong>φ</strong></span> <span class='ocrx_word' id='word_1_339' title='bbox 2602 4054 2611 4126; x_wconf 81' lang='grc' dir='ltr'>Ι</span> 
     </span>
     <span class='ocr_line' id='line_1_35' title="bbox 396 4140 2616 4213; baseline -0.001 -15"><span class='ocrx_word' id='word_1_340' title='bbox 396 4143 463 4198; x_wconf 89' lang='grc'><em>11</em></span> <span class='ocrx_word' id='word_1_341' title='bbox 499 4143 664 4195; x_wconf 73' lang='lat' dir='ltr'><em>aalma</em></span> <span class='ocrx_word' id='word_1_342' title='bbox 699 4162 743 4213; x_wconf 83' lang='grc' dir='ltr'><strong><em>φ</em></strong></span> <span class='ocrx_word' id='word_1_343' title='bbox 774 4146 783 4209; x_wconf 90' lang='grc' dir='ltr'>Ι</span> <span class='ocrx_word' id='word_1_344' title='bbox 817 4144 882 4197; x_wconf 82' lang='lat'><em>12</em></span> <span class='ocrx_word' id='word_1_345' title='bbox 918 4144 1082 4194; x_wconf 75' lang='lat' dir='ltr'><em>aalma</em></span> <span class='ocrx_word' id='word_1_346' title='bbox 1118 4162 1162 4213; x_wconf 82' lang='grc' dir='ltr'><strong><em>φ</em></strong></span> <span class='ocrx_word' id='word_1_347' title='bbox 1193 4140 1202 4211; x_wconf 73' lang='grc' dir='ltr'>Ι</span> <span class='ocrx_word' id='word_1_348' title='bbox 1237 4141 1302 4197; x_wconf 86' lang='grc'><em>13</em></span> <span class='ocrx_word' id='word_1_349' title='bbox 1336 4142 1716 4209; x_wconf 73' lang='grc' dir='ltr'><strong><em>ἐτυμολογίαν</em></strong></span> <span class='ocrx_word' id='word_1_350' title='bbox 1751 4145 1941 4195; x_wconf 76' lang='lat' dir='ltr'><em>indicat</em></span> <span class='ocrx_word' id='word_1_351' title='bbox 1962 4145 2291 4209; x_wconf 70' lang='lat' dir='ltr'><em>frioinqemis</em></span> <span class='ocrx_word' id='word_1_352' title='bbox 2330 4140 2341 4209; x_wconf 86' lang='grc' dir='ltr'>Ι</span> <span class='ocrx_word' id='word_1_353' title='bbox 2385 4142 2453 4196; x_wconf 84' lang='grc'><em>14</em></span> <span class='ocrx_word' id='word_1_354' title='bbox 2490 4144 2616 4195; x_wconf 80' lang='lat' dir='ltr'><em>scri-</em></span> 
     </span>
     <span class='ocr_line' id='line_1_36' title="bbox 395 4226 2615 4299; baseline -0 -19"><span class='ocrx_word' id='word_1_355' title='bbox 395 4234 540 4297; x_wconf 80' lang='lat' dir='ltr'><em>ptum</em></span> <span class='ocrx_word' id='word_1_356' title='bbox 579 4233 670 4280; x_wconf 72' lang='lat' dir='ltr'><em>est.</em></span> <span class='ocrx_word' id='word_1_357' title='bbox 740 4229 1000 4295; x_wconf 83' lang='lat' dir='ltr'><em>Siquidem</em></span> <span class='ocrx_word' id='word_1_358' title='bbox 1037 4233 1090 4279; x_wconf 85' lang='lat' dir='ltr'><em>et</em></span> <span class='ocrx_word' id='word_1_359' title='bbox 1123 4229 1179 4279; x_wconf 82' lang='lat' dir='ltr'><em>in</em></span> <span class='ocrx_word' id='word_1_360' title='bbox 1215 4229 1302 4279; x_wconf 88' lang='lat' dir='ltr'><em>iob</em></span> <span class='ocrx_word' id='word_1_361' title='bbox 1339 4248 1383 4299; x_wconf 82' lang='grc' dir='ltr'><strong><em>φ</em></strong></span> <span class='ocrx_word' id='word_1_362' title='bbox 1418 4226 1426 4296; x_wconf 90' lang='grc' dir='ltr'>Ι</span> <span class='ocrx_word' id='word_1_363' title='bbox 1467 4228 1536 4281; x_wconf 89' lang='grc'><em>15</em></span> <span class='ocrx_word' id='word_1_364' title='bbox 1573 4227 1909 4280; x_wconf 77' lang='lat' dir='ltr'><em>abscondetur</em></span> <span class='ocrx_word' id='word_1_365' title='bbox 1945 4234 2020 4297; x_wconf 79' lang='grc' dir='ltr'><em>βγ</em></span> <span class='ocrx_word' id='word_1_366' title='bbox 2051 4229 2061 4295; x_wconf 88' lang='grc' dir='ltr'>Ι</span> <span class='ocrx_word' id='word_1_367' title='bbox 2092 4228 2161 4283; x_wconf 88' lang='grc'><em>16</em></span> <span class='ocrx_word' id='word_1_368' title='bbox 2192 4228 2519 4279; x_wconf 78' lang='lat' dir='ltr'><em>absconditur</em></span> <span class='ocrx_word' id='word_1_369' title='bbox 2554 4247 2615 4299; x_wconf 80' lang='grc' dir='ltr'><em>φ,</em></span> 
     </span>
     <span class='ocr_line' id='line_1_37' title="bbox 395 4314 2619 4385; baseline 0.002 -20"><span class='ocrx_word' id='word_1_370' title='bbox 395 4314 729 4366; x_wconf 69' lang='lat' dir='ltr'><em>abscondetur</em></span> <span class='ocrx_word' id='word_1_371' title='bbox 763 4320 838 4383; x_wconf 76' lang='grc' dir='ltr'><em>βγ</em></span> <span class='ocrx_word' id='word_1_372' title='bbox 881 4315 892 4382; x_wconf 89' lang='grc' dir='ltr'>Ι</span> <span class='ocrx_word' id='word_1_373' title='bbox 937 4315 1008 4371; x_wconf 83' lang='lat'><em>20</em></span> <span class='ocrx_word' id='word_1_374' title='bbox 1043 4315 1208 4365; x_wconf 74' lang='lat' dir='ltr'><em>aalma</em></span> <span class='ocrx_word' id='word_1_375' title='bbox 1249 4334 1294 4385; x_wconf 86' lang='grc' dir='ltr'>φ</span> <span class='ocrx_word' id='word_1_376' title='bbox 1323 4315 1333 4383; x_wconf 79' lang='grc' dir='ltr'>Ι</span> <span class='ocrx_word' id='word_1_377' title='bbox 1364 4315 1433 4370; x_wconf 79' lang='lat'><em>21</em></span> <span class='ocrx_word' id='word_1_378' title='bbox 1469 4315 1763 4366; x_wconf 72' lang='lat' dir='ltr'><em>abscondita</em></span> <span class='ocrx_word' id='word_1_379' title='bbox 1800 4322 1868 4373; x_wconf 94' lang='lat'>&gt;</span> <span class='ocrx_word' id='word_1_380' title='bbox 1904 4334 1942 4385; x_wconf 81' lang='lat' dir='ltr'><em>y</em></span> <span class='ocrx_word' id='word_1_381' title='bbox 1982 4315 1991 4383; x_wconf 90' lang='grc' dir='ltr'>Ι</span> <span class='ocrx_word' id='word_1_382' title='bbox 2036 4316 2103 4372; x_wconf 81' lang='grc'><em>27</em></span> <span class='ocrx_word' id='word_1_383' title='bbox 2140 4320 2199 4366; x_wconf 86' lang='lat' dir='ltr'><em>ut</em></span> <span class='ocrx_word' id='word_1_384' title='bbox 2236 4320 2289 4367; x_wconf 85' lang='lat' dir='ltr'><em>et</em></span> <span class='ocrx_word' id='word_1_385' title='bbox 2321 4314 2619 4369; x_wconf 65' lang='lat' dir='ltr'><em>abscondita</em></span> 
     </span>
     <span class='ocr_line' id='line_1_38' title="bbox 397 4399 1724 4475; baseline -0.001 -23"><span class='ocrx_word' id='word_1_386' title='bbox 397 4399 816 4474; x_wconf 70' lang='lat' dir='ltr'><em>‹p12801hod0</em></span> <span class='ocrx_word' id='word_1_387' title='bbox 862 4400 1724 4475; x_wconf 64' lang='lat' dir='ltr'><em>q&gt;128mosi42129ulmacp</em></span> 
     </span>
    </p>
   </div>
  </div>
 </body>
</html>
