3169 4941
1239 437 1464 495 Genesis
1501 439 1589 492 23.
1618 404 1717 493 ⁹24.
2533 444 2601 497 85

314 610 338 653 1
379 596 533 665 Χέτ.
636 603 660 640 1
686 597 800 664 καὶ
859 589 1165 687 Ἀβραὰμ
1214 591 1298 693 ἦν,
1346 598 1785 688 πρεσβύτερος
1846 600 2277 690 προβεβηκώς
2330 595 2612 691 ἥμερῶν,’
2634 603 2729 672 24

375 700 481 768 καὶ
542 696 758 789 κύριος
811 693 1120 791 ηὗλόγησε
1174 700 1284 767 τὸν
1327 694 1613 790 Ἀβραὰμ
1666 701 1833 769 κατὰ
1884 702 2126 772 πάντα.
2224 703 2373 771 ΣΙκαὶ
2418 698 2605 772 εἶπεν

372 802 673 892 Ἀβραὰμ
727 811 822 893 τῷ
877 803 1073 871 παιδὶ
1137 802 1336 871 αὐτοῦ
1379 808 1473 894 τῷ
1513 806 1934 894 πρεσβυτέρῳ
1994 808 2109 894 τῆς
2151 804 2368 886 οἰκίας
2411 804 2605 875 αὐτοῦ
2696 840 2703 849 ·

370 914 462 997 τῷ
502 905 761 995 ἄρχοντι
816 902 1085 974 πάντων
1143 911 1273 974 τῶν
1333 905 1532 975 αὐτοῦ
1586 908 1715 988 Θὲς
1771 907 1886 997 τὴν
1923 909 2108 997 χεῖρά
2152 932 2269 977 σου
2310 909 2443 978 ὑπὸ
2485 911 2603 979 τὸν

306 1023 336 1068 5
370 1008 572 1102 μηρόν
629 1036 784 1095 μου,
859 1015 885 1053 ³
909 1011 1022 1087 nal,
1079 1010 1350 1098 ἕξορκιῶ
1411 1033 1484 1079 σε
1538 1010 1751 1100 κύριον
1806 1011 1921 1080 τὸν
1976 1011 2138 1079 θεὸν
2180 1019 2294 1080 τοῦ
2338 1006 2603 1102 οὗρανοῢ

371 1115 483 1182 καὶ
515 1114 628 1182 τὸν
671 1115 837 1182 θεὸν
891 1121 1008 1203 τῆς
1063 1119 1203 1203 γῆς,
1273 1116 1383 1181 ἵνα
1435 1116 1523 1205 μὴ
1587 1110 1793 1204 λάβῃς
1850 1120 2117 1201 γυναῖκα
2158 1122 2252 1204 τῷ
2296 1113 2421 1205 υἱῷ
2476 1141 2603 1201 μου

366 1212 597 1286 Ἰσαὰκ
638 1210 781 1285 ἀπὸ
843 1222 970 1284 τῶν
1021 1218 1400 1305 θυγατέρων
1457 1224 1587 1286 τῶν
1642 1217 2025 1286 Χαναναίων
2040 1272 2057 1303 ,
2131 1224 2286 1305 μεθ’
2332 1210 2421 1285 ὧν
2476 1219 2601 1307 ἐγὼ

373 1321 532 1390 οἰκῶ
574 1320 640 1390 ἓν
684 1319 922 1446 αὐτοῖς.
989 1318 1165 1390 *ἀλλ’
1210 1318 1254 1411 ἢ
1297 1320 1390 1401 εἷς
1435 1323 1547 1413 τὴν
1589 1326 1702 1413 γῆν
1740 1349 1890 1408 μου,
1939 1314 2013 1390 ου
2056 1320 2434 1449 ἒγεννήθτζν,
2468 1347 2600 1390 πο-

371 1420 560 1515 ρεύσῃ
602 1424 714 1491 καὶ
760 1423 854 1504 εἰς
896 1425 1009 1516 τὴν
1056 1421 1258 1516 φυλήν
1299 1451 1452 1509 μου,
1491 1425 1605 1492 καὶ
1649 1422 1829 1552 λήψῃ
1868 1431 2139 1513 γυναῖκα
2175 1432 2269 1515 τῷ
2314 1422 2434 1515 υιῷ
2476 1451 2600 1511 μου

272 1541 334 1587 10
365 1524 578 1597 Ἰσαὰκ
629 1529 905 1597 ἐκεῖθεν.
1003 1521 1199 1596 ὖεῖπε
1255 1529 1329 1596 δὲ
1388 1528 1560 1615 πρὸς
1616 1526 1806 1596 αὐτὸν
1869 1527 1907 1597 6
1966 1534 2131 1609 παῖς
2184 1525 2476 1654 Μήποτε
2524 1522 2599 1596 οὗ

366 1630 676 1721 βούληται
731 1629 770 1721 ἡ
820 1632 973 1722 γυνὴ
1028 1636 1437 1719 πορευθῆναι
1492 1633 1629 1717 μετ’
1688 1629 1843 1716 ἐμοῦ
1899 1628 2121 1699 ὀπίσω
2177 1630 2271 1711 εἷς
2327 1631 2469 1721 τὴν
2486 1634 2599 1722 γῆν

366 1732 632 1826 ταύτην,
674 1731 1087 1824 ἆποστρέψω
1130 1735 1243 1802 τὸν
1285 1730 1426 1801 υιόν
1471 1755 1588 1802 σου
1634 1732 1726 1815 εἷς
1768 1735 1883 1823 τὴν
1926 1740 2069 1824 γῆν,
2114 1734 2277 1803 ὅθεν
2326 1732 2601 1823 ἐξῆλθες

367 1839 660 1923 ἐκεῖθενς
735 1833 921 1907 θεῖπε
975 1838 1048 1907 δὲ
1097 1837 1267 1927 πρὸς
1306 1836 1499 1905 αὐτὸν
1541 1835 1839 1928 Ἀβραὰμ
1884 1834 2179 1926 Πρόσεχε
2224 1843 2472 1926 σεαυτῷ
2511 1835 2601 1927 μὴ

369 1935 805 2032 ἆποστρὲψῃς
840 1941 956 2009 τὸν
989 1937 1130 2009 υιόν
1175 1967 1301 2026 μου
1343 1940 1494 2008 ἐκεῖ.
1581 1938 1844 2029 ’ῖκύριος
1886 1940 1923 2009 6
1971 1941 2134 2068 θἐὸς
2174 1947 2289 2009 τοῦ
2333 1938 2597 2029 ουρανοῢ

269 2060 332 2107 15
369 2045 481 2113 καὶ
527 2043 564 2113 6
600 2046 768 2125 θεὸς
809 2051 926 2135 τῆς
965 2048 1102 2135 γῆς,
1179 2037 1252 2124 ὃς
1306 2043 1505 2130 ε’λαβέ
1549 2070 1634 2130 με
1691 2044 1762 2112 ἐκ
1804 2047 1918 2111 τοῦ
1956 2041 2137 2113 οἴκου
2190 2048 2302 2113 τοῦ
2344 2037 2602 2131 πατρός

367 2177 494 2277 μὀυ
549 2148 661 2216 καὶ
720 2148 792 2215 ἐκ
847 2152 958 2239 τῆς
1014 2151 1126 2237 γῆς
1180 2141 1256 2237 ἧς
1313 2144 1681 2238 ἐγεννήθην,
1759 2143 1835 2227 ὃς
1876 2144 2149 2237 ἓλάλησέ
2208 2173 2325 2233 μοι
2369 2146 2481 2214 καὶ
2526 2137 2601 2227 ὃς

367 2252 588 2339 ω’μοσέ
644 2276 759 2337 μοι
817 2251 1019 2339 λέγων
1059 2251 1179 2319 Σοὶ
1237 2246 1430 2318 δώσω
1483 2249 1597 2340 τὴν
1636 2254 1749 2339 γῆν
1807 2249 2041 2340 ταύτην
2098 2250 2207 2317 καὶ
2251 2254 2348 2339 τῷ
2394 2248 2595 2338 σπέρ-

513 2462 544 2516 1
582 2461 708 2514 ante
738 2477 843 2528 χετ
887 2458 953 2527 -Ι-
992 2476 1092 2511 του
1131 2474 1188 2512 cz
1218 2457 1226 2526 Ι
1261 2457 1288 2512 1
1327 2461 1668 2530 προβεβηκος
1696 2473 1724 2509 z
1769 2456 1776 2526 Ι
1818 2456 1853 2510 2
1892 2458 2189 2527 ευλογησεν
2224 2455 2351 2512 ADt
2370 2461 2406 2520 ¹,
2447 2458 2597 2511 ευλο-

367 2564 508 2621 γησε
543 2548 760 2610 omt2z,
798 2548 1106 2614 ηυλογησεν
1142 2562 1171 2598 r
1216 2545 1225 2612 Ι
1275 2545 1310 2598 3
1349 2543 1517 2596 παιδί
1556 2562 1704 2596 αυτω
1739 2561 1815 2596 τω
1853 2561 1881 2596 z
1935 2542 1944 2612 Ι
1994 2543 2030 2596 4
2064 2559 2294 2596 παντων
2325 2545 2453 2611 post
2489 2560 2598 2596 των

367 2656 543 2690 αυτου
578 2634 788 2703 ponunt
823 2647 878 2685 oz
911 2631 918 2699 Ι
949 2631 985 2685 4
1016 2633 1144 2698 post
1175 2649 1286 2684 των
1319 2646 1510 2686 rasura
1544 2629 1772 2684 duarum
1802 2630 2083 2684 literarum
2114 2645 2279 2698 capax
2306 2629 2355 2684 A
2385 2630 2394 2700 Ι
2423 2629 2461 2684 4
2497 2648 2598 2682 αυ-

365 2722 488 2792 του]
530 2736 894 2794 υπαρχοντων
929 2736 1098 2770 ammo
1134 2719 1216 2770 mt
1247 2716 1256 2786 Ι
1285 2716 1374 2786 4s5
1410 2734 1504 2770 επι
1541 2715 1640 2770 τὸν
1669 2721 1865 2788 μηρῶν
1898 2734 1926 2768 z
1957 2717 1966 2785 Ι
2000 2717 2033 2770 5
2076 2717 2134 2770 in
2160 2716 2540 2771 commentario
2568 2734 2597 2770 1·

367 2814 610 2882 Εβραιος
647 2806 707 2859 δε
744 2823 826 2864 τις
863 2806 1049 2873 ελεγεν
1085 2821 1388 2886 rev-opacet>
1432 2820 1576 2857 ειναι
1625 2823 1765 2858 κατα
1814 2822 1907 2870 της
1941 2820 2267 2879 περιτομης,
2332 2805 2491 2856 αλλοι
2532 2802 2597 2855 δε

369 2913 524 2949 »ια-ια’
551 2911 650 2944 του
700 2909 760 2944 εκ
811 2904 1132 2963 σπερματος
1181 2905 1625 2962 εκπορευομενου
1666 2903 1904 2963 χριστου
1923 2929 1936 2943 .
1995 2894 2270 2957 Ευσεβιου
2315 2902 2510 2958 εμισης
2551 2891 2599 2942 Ο

369 2983 526 3046 ελλην
558 2994 890 3049 σεμνοτερον
923 2991 1214 3048 ερμηνευει
1231 2991 1244 3004 ·
1282 2995 1313 3027 ο
1350 2994 1460 3049 γαρ
1494 2981 1713 3050 εβραιος
1747 2995 1842 3028 και
1878 2995 1909 3028 ο
1932 2989 2097 3050 συρος
2139 2994 2274 3028 auro
2313 2976 2463 3042 λεγει
2498 2990 2597 3024 του

371 3065 575 3139 ανδρος
624 3083 686 3116 το
737 3079 1080 3115 τεκνοποιον
1115 3078 1388 3133 οργανον.
1451 3063 1658 3114 κελευει
1701 3061 1764 3114 δε
1800 3078 2017 3115 εκεινον
2051 3065 2241 3114 &ec-vac
2280 3077 2379 3126 την
2407 3074 2595 3131 χειρα,

371 3170 464 3206 ινα
510 3169 650 3203 κατα
701 3168 794 3215 της
842 3165 1144 3220 περιτομης
1193 3161 1374 3217 ομοση
1425 3166 1517 3212 της
1563 3164 1663 3200 του
1705 3152 1843 3199 θεου
1895 3147 2167 3214 διὰθηκης
2230 3146 2239 3214 Ι
2304 3145 2339 3200 5
2370 3148 2595 3217 εξορκιω

371 3236 666 3300 A2bcmrt,
727 3237 993 3307 εξορκισω
1031 3230 1080 3285 A
1121 3232 1321 3302 [prima
1356 3249 1549 3297 manu,
1612 3232 1662 3286 si
1696 3231 1907 3287 Babero
1948 3232 2107 3301 fides]
2142 3233 2193 3285 D
2237 3231 2379 3302 [GBL
2444 3233 2595 3302 εξορ-

372 3326 500 3396 κτζω
537 3315 595 3386 εἰ,
632 3339 798 3393 ορκιω
834 3337 862 3372 z
894 3320 904 3387 Ι
931 3320 966 3373 6
1003 3337 1100 3372 τον
1134 3325 1276 3373 θεον
1309 3330 1378 3379 >
1413 3318 1491 3373 Ar
1520 3320 1530 3389 Ι
1561 3318 1648 3389 6s7
1686 3333 1855 3372 ισαακ
1891 3337 1969 3388 τῳ
2007 3337 2107 3371 υιω
2144 3338 2258 3389 μου
2298 3333 2327 3370 ο
2355 3316 2365 3386 Ι
2397 3318 2429 3370 7
2471 3316 2600 3370 anto

374 3427 542 3462 ισαακ
576 3408 642 3476 -Ι-
682 3426 780 3460 τωι
815 3409 842 3460 t
908 3409 918 3474 Ι
984 3405 1016 3459 7
1054 3422 1167 3458 ano
1208 3404 1492 3469 Aabmrtz,
1532 3422 1595 3458 εκ
1630 3421 1659 3458 c
1713 3405 1722 3472 Ι
1791 3406 1823 3458 7
1861 3421 1971 3474 εγω
2006 3413 2075 3463 >
2111 3421 2139 3455 z
2194 3403 2203 3470 Ι
2252 3403 2287 3455 8
2318 3420 2379 3455 εν
2416 3419 2599 3459 αυτοις

374 3494 694 3558 Dabcmrtz‚
757 3510 860 3562 μετ
913 3509 1094 3544 amant
1125 3491 1175 3545 A
1241 3494 1250 3560 Ι
1317 3492 1353 3545 8
1388 3495 1490 3545 αλλ
1527 3510 1560 3557 η
1599 3489 1739 3560 D[?]
1759 3490 1991 3553 abmrtz‚
2053 3491 2193 3550 αλλα
2230 3487 2306 3551 A,
2368 3489 2470 3539 αλλ
2509 3501 2538 3538 ο
2584 3484 2593 3554 Ι

373 3581 408 3634 8
441 3587 747 3651 εγεννηθην
779 3580 829 3633 D
857 3579 1129 3649 [superest
1165 3578 1311 3648 εννη]
1332 3577 1397 3642 b,
1437 3594 1713 3648 εγενομην
1748 3575 1968 3630 Aamrtz
1984 3615 1997 3640 ,
2042 3593 2151 3644 εγω
2204 3589 2477 3644 εγενομην
2514 3587 2544 3625 c
2583 3569 2593 3641 Ι

374 3667 408 3721 9
440 3667 568 3735 post
601 3685 712 3736 μου
750 3665 901 3734 prius
939 3667 1004 3732 -Ι-
1043 3683 1137 3717 και
1187 3680 1263 3723 εις
1293 3681 1391 3716 τον
1435 3680 1595 3715 οικον
1629 3680 1726 3714 του
1761 3680 1967 3733 πατρος
2010 3680 2125 3732 μου
2161 3677 2189 3711 z
2255 3659 2262 3728 Ι
2328 3659 2363 3712 9
2403 3659 2597 3728 λημψη

372 3751 471 3807 AD
495 3752 610 3822 [aa]
629 3793 642 3817 ,
682 3754 846 3822 ληψει
882 3769 910 3804 z
952 3752 962 3819 Ι
1003 3751 1072 3804 10
1108 3766 1264 3804 ειπεν
1300 3748 1492 3804 ADrt1
1534 3748 1544 3818 Ι
1604 3747 1673 3800 10
1705 3764 1922 3818 μηποτε
1960 3767 2025 3800 ου
2060 3745 2316 3808 Aabmrt,
2363 3761 2461 3797 εαν
2498 3759 2599 3794 ουν

373 3859 450 3909 μη
488 3855 546 3903 c,
586 3856 684 3892 εαν
705 3857 784 3908 μη
819 3855 846 3890 z
877 3840 887 3904 Ι
920 3839 986 3892 11
1011 3838 1264 3905 βουλεται
1289 3833 1418 3897 AD,
1454 3836 1703 3902 βουληθη
1728 3850 1756 3884 z
1788 3832 1797 3903 Ι
1830 3834 1895 3887 11
1920 3839 2271 3906 πορευθῆναι
2294 3827 2597 3888 Aabcmrtz,

376 3928 562 3979 ελθειν
595 3924 645 3977 D
685 3924 818 3993 [aa.
859 3923 1106 3994 superest
1141 3921 1246 3990 ειν]
1295 3920 1304 3991 Ι
1347 3920 1415 3974 12
1450 3921 1577 3974 ante
1617 3927 1951 3991 αποστρεψω
1989 3920 2054 3985 -Ι-
2095 3936 2190 3970 xm
2227 3928 2600 3984 αποστρεφων

374 4013 479 4074 mt,
520 4031 598 4081 μη
638 4024 1007 4082 αποστρεφων
1046 4025 1075 4061 1·
1119 4006 1128 4077 Ι
1172 4005 1240 4062 12
1279 4024 1358 4065 εις
1396 4023 1496 4072 την
1525 4022 1631 4074 γην
1666 4009 1802 4056 σθεν
1841 4005 2065 4068 εζνηλθες
2099 4012 2168 4061 >
2205 4019 2233 4053 z
2282 4001 2291 4069 Ι
2335 3999 2403 4053 13
2440 4013 2599 4051 emer

373 4095 562 4150 ADrt1
593 4099 601 4164 Ι
637 4097 702 4149 13
739 4103 929 4166 αβραμ
967 4099 1092 4160 111¹,
1092 4093 1100 4162 Ι
1134 4092 1310 4161 prima
1344 4107 1508 4146 manu
1543 4091 1839 4144 correctum
1905 4089 1915 4156 Ι
1982 4089 2053 4143 14
2088 4094 2458 4158 αποστρεψεις
2492 4099 2520 4134 z
2585 4079 2594 4151 Ι

379 4180 532 4251 14s15
576 4197 712 4251 quae
735 4181 880 4235 inter
902 4199 1000 4234 τον
1029 4180 1096 4233 14
1120 4180 1176 4234 et
1205 4197 1306 4248 γης
1346 4177 1442 4242 15,
1480 4186 1550 4236 >
1583 4193 1613 4229 1·
1644 4176 1653 4243 Ι
1687 4173 1755 4230 14
1788 4191 1941 4247 κυριε
1977 4173 2006 4225 t
2034 4173 2045 4240 Ι
2076 4172 2143 4227 15
2180 4191 2211 4223 ο
2247 4176 2379 4228 θεος
2412 4177 2480 4228 >
2518 4185 2547 4220 z
2585 4166 2595 4238 Ι

378 4265 444 4321 15
475 4270 668 4336 ελαβεν
702 4266 779 4320 Ar
809 4269 820 4334 Ι
852 4269 918 4322 16
958 4285 1020 4333 ης
1054 4275 1122 4326 >
1158 4283 1186 4319 r
1225 4263 1461 4334 [addidit
1492 4260 1776 4316 MOmsius
1810 4261 1869 4313 in
1903 4257 2043 4312 libro
2079 4258 2265 4311 mutuo
2303 4254 2545 4324 accepto]
2585 4254 2595 4326 Ι

376 4352 444 4405 16
482 4359 758 4423 εγενηθην
792 4351 902 4408 Am·
932 4353 942 4420 Ι
973 4353 1040 4406 16
1077 4354 1340 4417 ελαλησεν
1374 4348 1452 4404 Ar
1481 4351 1490 4415 Ι
1521 4349 1590 4403 16
1626 4367 1727 4418 μοι
1752 4356 1821 4406 >
1846 4362 1905 4410 z,
1947 4363 2059 4414 μου
2092 4359 2149 4396 m
2179 4343 2189 4410 Ι
2221 4341 2376 4412 16117
2411 4361 2505 4394 και
2540 4359 2600 4400 ος

377 4453 563 4512 ωμοσε
598 4458 702 4511 μοι
738 4447 808 4498 >
844 4455 873 4492 1·
938 4438 948 4507 Ι
1015 4436 1082 4492 16
1119 4457 1178 4498 ος
1212 4437 1441 4494 alterum
1477 4445 1546 4499 >
1582 4433 1824 4489 ADomtz
1877 4434 1888 4502 Ι
1955 4428 2021 4488 17
2056 4428 2173 4496 „ab
2208 4443 2399 4505 ωμοσε
2432 4441 2603 4500 usquo
