3169 4941
594 427 664 486 66

596 590 840 658 niculos
899 590 1222 656 habebunt
1272 589 1556 674 proprios
1573 639 1589 666 ‚
1660 591 1733 655 ut
1788 587 2069 672 reliquae
2110 588 2313 654 tribus
2330 638 2345 667 ‚
2404 588 2514 654 sed
2572 588 2642 653 in
2704 589 2833 654 tri-
2878 600 2911 654 1

597 696 801 762 bubus
843 695 1143 778 Ephraim
1199 697 1264 760 et
1309 695 1603 759 Manasse
1620 743 1636 772 ,
1698 693 1879 776 quasi
1938 693 2312 775 adpendices
2372 693 2588 776 populi
2646 713 2831 758 com-

593 799 1046 866 miscebuntur.
1214 801 1219 806 ’

770 906 853 967 Et
893 926 998 986 eyo
1043 903 1185 966 dedi
1234 906 1354 966 tibi
1393 902 1683 966 Sioimam
1731 906 2119 986 praecipuam
2162 923 2343 984 super
2380 902 2626 981 fratre-s·
2666 908 2827 978 tuoe,

598 1007 765 1090 (plus
794 1025 983 1089 quam
1011 1004 1313 1070 fratribus
1342 1006 1496 1087 tuis)
1517 1027 1695 1088 quam
1726 1010 1929 1093 accepi
1952 1007 2025 1068 de
2054 1008 2333 1069 manibus
2342 1005 2827 1069 Amorraeorum
2864 1012 2903 1066 5

594 1118 661 1175 in
684 1113 892 1195 yladio
921 1132 1050 1174 meo
1081 1115 1138 1172 et
1165 1114 1404 1192 sayitta.
1489 1109 1725 1174 Sicima
1749 1108 1924 1172 iuxta
1953 1127 2245 1192 graecam
2276 1109 2341 1172 et
2368 1106 2633 1174 latinam
2666 1126 2827 1172 con-

599 1215 998 1280 suetudinem
1027 1213 1342 1278 declinata
1377 1215 1503 1290 est,
1543 1212 1821 1295 alioquin
1848 1213 2139 1278 hebraice
2172 1212 2440 1294 Sychem
2472 1210 2720 1290 dicitur,
2743 1215 2825 1276 ut

596 1319 906 1384 Iohannes
941 1333 1184 1400 quoque
1232 1316 1623 1400 euangelista
1660 1318 1961 1394 testatur,
2008 1315 2160 1381 liceis
2203 1316 2431 1381 uitiose
2474 1318 2547 1381 ut
2579 1316 2825 1400 Sychar

595 1423 864 1506 legatur,
909 1439 1082 1486 error
1125 1420 1410 1486 inoleuit:
1459 1423 1523 1485 eis
1547 1423 1647 1486 est
1674 1439 1839 1485 nunc
1872 1419 2169 1504 Neapolis
2214 1420 2363 1484 urbs
2389 1419 2821 1485 Samaritano-

595 1545 756 1591 rum.
801 1525 950 1607 quia
989 1525 1187 1608 igitur
1212 1524 1482 1607 Sychem
1525 1525 1747 1608 lingua
1789 1524 2063 1590 hebraea
2106 1523 2485 1588 transfertur
2526 1523 2593 1588 in
2634 1543 2824 1587 ume-
2863 1529 2935 1585 10

596 1649 768 1708 rum,
816 1628 1076 1712 pulchre
1106 1627 1325 1692 allusit
1367 1628 1447 1693 ad
1475 1646 1721 1705 nomen,
1765 1627 1979 1692 dicens
2002 1633 2060 1691 et
2086 1650 2191 1710 eqo
2220 1629 2369 1692 dabo
2398 1630 2520 1692 tibi
2539 1649 2823 1692 umerum

533 1799 554 1820 ,
595 1755 799 1798 unum.
887 1751 1000 1817 pro
1044 1732 1378 1815 praecipuo
1421 1732 1608 1809 enim,
1652 1730 1833 1797 idest
1862 1727 2185 1815 ἐξαιρέτῳ,
2234 1732 2367 1809 aad,
2396 1729 2464 1795 id
2494 1734 2590 1796 est
2618 1751 2823 1796 unum

597 1835 892 1902 scribimr
919 1836 986 1900 in
1015 1835 1304 1901 hebraeo.
1357 1833 1524 1918 quod
1569 1837 1781 1900 autem
1830 1835 1984 1900 dicit
2028 1853 2095 1899 se
2128 1854 2270 1926 eam
2295 1836 2363 1899 in
2408 1854 2558 1900 arcu
2588 1838 2652 1899 ei:
2672 1835 2822 1918 gla-

598 1939 700 2005 dio
745 1939 1128 2021 possedisse,
1197 1957 1412 2004 arcum
1455 1939 1561 2003 hic
1605 1941 1670 2003 et
1714 1937 1996 2022 gladium
2054 1937 2367 2003 iustitiam
2424 1941 2642 2017 uocat,
2702 1958 2821 2021 per

597 2062 788 2126 quam
849 2044 1084 2108 meruiss
1147 2042 1516 2127 peregrinus
1592 2045 1658 2108 et
1726 2041 1969 2108 aduena
2032 2042 2367 2107 interfecto
2412 2041 2682 2127 Sychem
2750 2045 2822 2108 et
2862 2048 2933 2102 15

596 2147 854 2212 Emmor
897 2146 973 2211 de
1017 2145 1293 2229 periculo
1338 2145 1612 2212 liberari.
1658 2145 1891 2214 timuit
1934 2145 2101 2210 enim
2149 2146 2247 2228 (ut
2286 2165 2473 2228 supra
2514 2145 2818 2230 legimus)

595 2269 676 2314 ne
732 2249 942 2314 uicina
997 2247 1224 2332 oppida
1281 2251 1472 2333 atque
1533 2249 1797 2314 castella
1861 2249 1938 2313 ob
1974 2285 1980 2290 -
2011 2250 2402 2314 euersionem
2459 2248 2820 2317 foederatae

595 2353 772 2420 urbis
817 2353 1122 2418 aduersus
1179 2372 1246 2418 se
1303 2353 1785 2436 consurgerent:
1846 2355 1911 2417 et
1970 2352 2258 2418 dominus
2313 2372 2440 2418 non
2494 2353 2667 2418 dedit
2726 2355 2821 2418 eis

593 2459 668 2523 ut
710 2459 1009 2523 nocerent
1048 2456 1164 2525 illi.
1258 2455 1364 2521 uel
1406 2459 1576 2523 certe
1624 2457 1715 2522 sic
1758 2455 2287 2541 intellegendum:
2348 2456 2505 2523 dabo
2550 2457 2672 2523 tibi
2718 2457 2820 2523 Si-

599 2562 852 2639 cimam‚
910 2580 1099 2643 quam
1143 2561 1268 2626 emi
1309 2561 1376 2626 in
1431 2562 1797 2627 fortitudine
1856 2581 2031 2640 mea,
2090 2562 2211 2625 hoc
2272 2564 2370 2627 est
2424 2562 2490 2626 in
2550 2564 2823 2647 pecunia
2856 2573 2937 2627 20

597 2684 786 2748 quam
859 2664 1060 2729 multo
1115 2664 1332 2729 labore
1391 2667 1456 2729 et
1512 2664 1739 2732 sudore
1799 2665 2100 2748 quaesiui.
2219 2664 2384 2748 quod
2452 2667 2663 2731 autem
2726 2667 2824 2731 ait

593 2791 776 2854 saper
809 2769 1048 2850 fratres
1085 2774 1247 2846 tuoe,
1311 2768 1588 2834 ostendit
1628 2768 1862 2852 absque
1908 2771 2076 2833 sorte
2124 2768 2368 2835 dedisse
2428 2788 2565 2834 eam
2620 2768 2824 2835 tribui

596 2873 841 2955 Ioseph.
932 2871 1238 2955 siquidem
1285 2871 1504 2938 eodem
1559 2872 1699 2937 loco
1745 2872 2025 2957 sepultus
2070 2873 2169 2937 est
2208 2873 2463 2955 Ioseph:
2526 2876 2589 2938 eis
2632 2891 2823 2938 mau-

595 2976 836 3042 soleum
880 2975 1014 3041 eius
1058 2976 1148 3041 ibi
1191 2974 1496 3058 hodieque
1545 2977 1839 3041 cernitur.

770 3081 986 3143 Ruben
1013 3084 1455 3162 primoyenitas
1495 3102 1695 3143 meus:
1738 3087 1808 3144 tu
1832 3081 2143 3161 fortitudo
2178 3064 2313 3145 mea
2354 3087 2411 3146 et
2438 3085 2825 3165 principium
2864 3094 2943 3149 25

577 3184 865 3265 filiorum
906 3203 1206 3246 meorum:
1277 3184 1473 3247 durus
1507 3186 1587 3247 ad
1632 3185 1950 3263 ferendum
1966 3232 1983 3260 ‚
2026 3189 2082 3249 et
2124 3185 2317 3248 durus·
2346 3190 2719 3269 procacitate
2758 3192 2826 3249 et

593 3290 825 3351 mim-ia
838 3334 856 3363 ,
911 3290 1069 3350 siout
1107 3307 1264 3369 aqua
1305 3309 1418 3351 non
1465 3289 1737 3351 ebullias.
1848 3288 2170 3353 ascendisti
2208 3294 2365 3352 enim
2406 3310 2587 3371 super
2632 3291 2827 3353 ceatu-

593 3393 723 3455 lum
786 3394 984 3473 patris
1051 3394 1177 3468 tui,
1263 3396 1404 3454 tune
1471 3394 1725 3455 uiolasti
1791 3396 2050 3455 stratum
2120 3413 2319 3456 meum
2332 3442 2349 3471 ‚
2415 3414 2549 3455 oum
2619 3413 2827 3456 ascen-

587 3494 746 3557 disti.
840 3491 908 3556 in
961 3493 1228 3558 hebraeo
1280 3493 1372 3559 ita
1417 3494 1719 3577 scriptum
1764 3496 1861 3559 est
1904 3496 2118 3559 Ruben
2152 3500 2589 3580 primoyenitus
2628 3516 2828 3575 meus,

573 3596 884 3675 fortitudo
929 3618 1062 3659 mea
1075 3648 1088 3670 ,
1146 3602 1203 3660 et
1243 3601 1578 3683 capitulum
1620 3603 1685 3661 in
1728 3600 1941 3663 liberis
1982 3604 2162 3662 meis:
2214 3604 2409 3664 maior
2444 3600 2521 3663 ad
2564 3604 2826 3682 portam-
2844 3614 2923 3671 30

591 3701 734 3763 dum
809 3704 867 3763 et
933 3705 1130 3764 maior
1195 3704 1406 3767 robore
1423 3726 1441 3763 .·
1509 3702 1736 3781 effusus
1802 3724 1865 3765 es
1928 3707 2087 3766 sieut
2156 3724 2312 3785 aqua
2325 3753 2340 3781 ,
2408 3725 2482 3767 ne
2560 3704 2821 3770 adicias,

589 3803 910 3867 ascendisti
967 3808 1125 3866 enim
1141 3798 1158 3811 ⁰
1197 3807 1391 3868 cubile
1440 3810 1644 3889 patrie
1668 3808 1683 3821 '
1707 3810 1807 3869 tui
1858 3812 1915 3869 et
1968 3811 2386 3871 contaminasti
2428 3811 2683 3870 stratum
2748 3813 2825 3871 in

589 3925 846 3971 aceensa.
937 3909 1034 3973 est
1089 3909 1302 3974 autem
1362 3927 1580 3974 sensus
1632 3910 1769 3973 hic:
1842 3911 1915 3973 tu
1972 3928 2038 3974 es
2096 3909 2553 3995 primogenitus
2610 3930 2823 3991 meus,

589 4009 791 4075 maior
833 4008 901 4075 in
957 4010 1204 4090 liberie,
1270 4014 1334 4077 et
1380 4011 1639 4079 sedebas
1691 4013 1869 4079 iuxta
1912 4013 2195 4079 ordinem
2249 4014 2603 4081 natiuitatis
2660 4016 2821 4081 tuae

585 4240 658 4296 49
710 4156 2821 4297 gfen48‚221810h4,5115Gen34l22Gen48,22125Gen

727 4372 762 4427 6
797 4371 1025 4425 sicimam
1064 4393 1108 4445 φ
1141 4374 1150 4438 Ι
1183 4374 1216 4428 7
1253 4374 1447 4444 alioqui
1481 4395 1525 4446 φ
1555 4380 1565 4443 1
1601 4375 1669 4431 12
1702 4380 1933 4443 θξερθτω
1972 4379 2068 4429 aod
2106 4399 2168 4451 φ,
2208 4381 2461 4438 effernace
2483 4404 2496 4418 ·
2518 4379 2615 4429 aad
2650 4384 2689 4446 β
