<?xml version="1.0" encoding="UTF-8"?>
<!DOCTYPE html PUBLIC "-//W3C//DTD XHTML 1.0 Transitional//EN"
    "http://www.w3.org/TR/xhtml1/DTD/xhtml1-transitional.dtd">
<html xmlns="http://www.w3.org/1999/xhtml" xml:lang="en" lang="en">
 <head>
  <title>
</title>
<meta http-equiv="Content-Type" content="text/html;charset=utf-8" />
  <meta name='ocr-system' content='tesseract 3.04.00' />
  <meta name='ocr-capabilities' content='ocr_page ocr_carea ocr_par ocr_line ocrx_word'/>
</head>
<body>
  <div class='ocr_page' id='page_1' title='image "./genesisgraeceef00unkngoog_0289.png"; bbox 0 0 3169 4941; ppageno 0'>
   <div class='ocr_carea' id='block_1_1' title="bbox 601 427 668 482">
    <p class='ocr_par' dir='ltr' id='par_1_1' title="bbox 601 427 668 482">
     <span class='ocr_line' id='line_1_1' title="bbox 601 427 668 482; baseline 0 0"><span class='ocrx_word' id='word_1_1' title='bbox 601 427 668 482; x_wconf 89' lang='grc'>16</span> 
     </span>
    </p>
   </div>
   <div class='ocr_carea' id='block_1_2' title="bbox 565 589 3016 3801">
    <p class='ocr_par' dir='ltr' id='par_1_2' title="bbox 587 589 2899 777">
     <span class='ocr_line' id='line_1_2' title="bbox 599 589 2899 681; baseline 0.007 -27"><span class='ocrx_word' id='word_1_2' title='bbox 599 589 909 656; x_wconf 88' lang='lat' dir='ltr'>uocabula</span> <span class='ocrx_word' id='word_1_3' title='bbox 963 589 1322 674; x_wconf 87' lang='lat' dir='ltr'>perdidere,</span> <span class='ocrx_word' id='word_1_4' title='bbox 1395 595 1460 659; x_wconf 91' lang='lat' dir='ltr'>et</span> <span class='ocrx_word' id='word_1_5' title='bbox 1520 613 1679 680; x_wconf 88' lang='lat' dir='ltr'>quae</span> <span class='ocrx_word' id='word_1_6' title='bbox 1750 615 1917 662; x_wconf 90' lang='lat' dir='ltr'>nunc</span> <span class='ocrx_word' id='word_1_7' title='bbox 1972 616 2085 681; x_wconf 93' lang='lat' dir='ltr'>pro</span> <span class='ocrx_word' id='word_1_8' title='bbox 2143 597 2466 664; x_wconf 88' lang='lat' dir='ltr'>ueteribus</span> <span class='ocrx_word' id='word_1_9' title='bbox 2523 597 2825 679; x_wconf 78' lang='lat' dir='ltr'>habeant,</span> <span class='ocrx_word' id='word_1_10' title='bbox 2866 615 2899 669; x_wconf 95' lang='lat'><strong>1</strong></span> 
     </span>
     <span class='ocr_line' id='line_1_3' title="bbox 587 694 948 777; baseline 0.008 -20"><span class='ocrx_word' id='word_1_11' title='bbox 587 694 948 777; x_wconf 83' lang='lat' dir='ltr'>ignoratur.</span> 
     </span>
    </p>

    <p class='ocr_par' dir='ltr' id='par_1_3' title="bbox 593 801 2893 1512">
     <span class='ocr_line' id='line_1_4' title="bbox 772 801 2822 888; baseline 0.004 -25"><span class='ocrx_word' id='word_1_12' title='bbox 772 801 934 864; x_wconf 75' lang='lat' dir='ltr'>Filii</span> <span class='ocrx_word' id='word_1_13' title='bbox 967 802 1234 866; x_wconf 78' lang='lat' dir='ltr'>Rekema</span> <span class='ocrx_word' id='word_1_14' title='bbox 1285 802 1442 867; x_wconf 85' lang='lat' dir='ltr'>Saba</span> <span class='ocrx_word' id='word_1_15' title='bbox 1493 808 1550 867; x_wconf 80' lang='lat' dir='ltr'>et</span> <span class='ocrx_word' id='word_1_16' title='bbox 1601 804 1842 866; x_wconf 80' lang='lat' dir='ltr'>Dadan.</span> <span class='ocrx_word' id='word_1_17' title='bbox 1957 803 2063 868; x_wconf 88' lang='lat' dir='ltr'>hic</span> <span class='ocrx_word' id='word_1_18' title='bbox 2121 802 2289 869; x_wconf 86' lang='lat' dir='ltr'>Saba</span> <span class='ocrx_word' id='word_1_19' title='bbox 2345 823 2458 888; x_wconf 86' lang='lat' dir='ltr'>per</span> <span class='ocrx_word' id='word_1_20' title='bbox 2514 806 2611 872; x_wconf 87' lang='lat' dir='ltr'>sin</span> <span class='ocrx_word' id='word_1_21' title='bbox 2671 807 2822 872; x_wconf 92' lang='lat' dir='ltr'>lite-</span> 
     </span>
     <span class='ocr_line' id='line_1_5' title="bbox 597 903 2820 995; baseline 0.004 -29"><span class='ocrx_word' id='word_1_22' title='bbox 597 921 734 966; x_wconf 89' lang='lat' dir='ltr'>ram</span> <span class='ocrx_word' id='word_1_23' title='bbox 791 903 1118 983; x_wconf 74' lang='lat' dir='ltr'>scribitur,</span> <span class='ocrx_word' id='word_1_24' title='bbox 1177 924 1364 988; x_wconf 87' lang='lat' dir='ltr'>supra</span> <span class='ocrx_word' id='word_1_25' title='bbox 1407 925 1558 971; x_wconf 79' lang='lat' dir='ltr'>uero</span> <span class='ocrx_word' id='word_1_26' title='bbox 1604 925 1717 989; x_wconf 88' lang='lat' dir='ltr'>per</span> <span class='ocrx_word' id='word_1_27' title='bbox 1758 907 2038 987; x_wconf 79' lang='lat' dir='ltr'>samech,</span> <span class='ocrx_word' id='word_1_28' title='bbox 2100 928 2137 972; x_wconf 90' lang='lat' dir='ltr'>a</span> <span class='ocrx_word' id='word_1_29' title='bbox 2200 926 2321 990; x_wconf 91' lang='lat' dir='ltr'>quo</span> <span class='ocrx_word' id='word_1_30' title='bbox 2380 908 2649 974; x_wconf 79' lang='lat' dir='ltr'><strong>diximus</strong></span> <span class='ocrx_word' id='word_1_31' title='bbox 2708 930 2820 995; x_wconf 90' lang='lat' dir='ltr'>ap-</span> 
     </span>
     <span class='ocr_line' id='line_1_6' title="bbox 596 1005 2893 1096; baseline 0.003 -26"><span class='ocrx_word' id='word_1_32' title='bbox 596 1005 865 1090; x_wconf 90' lang='lat' dir='ltr'>pellatos</span> <span class='ocrx_word' id='word_1_33' title='bbox 941 1007 1234 1074; x_wconf 88' lang='lat' dir='ltr'>Sabaeos.</span> <span class='ocrx_word' id='word_1_34' title='bbox 1352 1010 1808 1094; x_wconf 87' lang='lat' dir='ltr'>interpretatur</span> <span class='ocrx_word' id='word_1_35' title='bbox 1882 1029 2034 1096; x_wconf 86' lang='lat' dir='ltr'>ergo</span> <span class='ocrx_word' id='word_1_36' title='bbox 2100 1031 2266 1076; x_wconf 87' lang='lat' dir='ltr'>nunc</span> <span class='ocrx_word' id='word_1_37' title='bbox 2337 1011 2503 1078; x_wconf 88' lang='lat' dir='ltr'>Saba</span> <span class='ocrx_word' id='word_1_38' title='bbox 2564 1013 2819 1080; x_wconf 89' lang='lat' dir='ltr'>Arabia.</span> <span class='ocrx_word' id='word_1_39' title='bbox 2856 1021 2893 1076; x_wconf 85' lang='lat'>5</span> 
     </span>
     <span class='ocr_line' id='line_1_7' title="bbox 596 1111 2824 1203; baseline 0.004 -29"><span class='ocrx_word' id='word_1_40' title='bbox 596 1129 746 1176; x_wconf 89' lang='lat' dir='ltr'>nam</span> <span class='ocrx_word' id='word_1_41' title='bbox 799 1111 866 1176; x_wconf 91' lang='lat' dir='ltr'>in</span> <span class='ocrx_word' id='word_1_42' title='bbox 912 1112 1378 1197; x_wconf 86' lang='lat' dir='ltr'>septuagesimo</span> <span class='ocrx_word' id='word_1_43' title='bbox 1419 1113 1622 1196; x_wconf 91' lang='lat' dir='ltr'>primo</span> <span class='ocrx_word' id='word_1_44' title='bbox 1666 1114 1943 1197; x_wconf 89' lang='lat' dir='ltr'>psalmo,</span> <span class='ocrx_word' id='word_1_45' title='bbox 1997 1115 2105 1180; x_wconf 92' lang='lat' dir='ltr'>ubi</span> <span class='ocrx_word' id='word_1_46' title='bbox 2146 1135 2261 1181; x_wconf 88' lang='lat' dir='ltr'>nos</span> <span class='ocrx_word' id='word_1_47' title='bbox 2305 1117 2607 1183; x_wconf 89' lang='lat' dir='ltr'>habemus</span> <span class='ocrx_word' id='word_1_48' title='bbox 2652 1141 2824 1203; x_wconf 70' lang='lat' dir='ltr'>reyes</span> 
     </span>
     <span class='ocr_line' id='line_1_8' title="bbox 593 1214 2821 1302; baseline 0.004 -24"><span class='ocrx_word' id='word_1_49' title='bbox 593 1214 872 1280; x_wconf 85' lang='lat' dir='ltr'><strong><em>Arabum</em></strong></span> <span class='ocrx_word' id='word_1_50' title='bbox 930 1221 984 1279; x_wconf 74' lang='lat' dir='ltr'>et</span> <span class='ocrx_word' id='word_1_51' title='bbox 1037 1217 1196 1281; x_wconf 82' lang='lat' dir='ltr'>Saba</span> <span class='ocrx_word' id='word_1_52' title='bbox 1251 1239 1498 1282; x_wconf 76' lang='lat' dir='ltr'>munera</span> <span class='ocrx_word' id='word_1_53' title='bbox 1552 1218 1829 1298; x_wconf 65' lang='lat' dir='ltr'>offerent,</span> <span class='ocrx_word' id='word_1_54' title='bbox 1896 1219 1964 1282; x_wconf 92' lang='lat' dir='ltr'>in</span> <span class='ocrx_word' id='word_1_55' title='bbox 2023 1219 2294 1284; x_wconf 90' lang='lat' dir='ltr'>hebraeo</span> <span class='ocrx_word' id='word_1_56' title='bbox 2356 1220 2663 1302; x_wconf 90' lang='lat' dir='ltr'>scriptum</span> <span class='ocrx_word' id='word_1_57' title='bbox 2721 1224 2821 1287; x_wconf 90' lang='lat' dir='ltr'>est</span> 
     </span>
     <span class='ocr_line' id='line_1_9' title="bbox 593 1321 2817 1408; baseline 0.003 -27"><span class='ocrx_word' id='word_1_58' title='bbox 593 1341 764 1403; x_wconf 71' lang='lat' dir='ltr'>reyes</span> <span class='ocrx_word' id='word_1_59' title='bbox 803 1321 960 1384; x_wconf 86' lang='lat' dir='ltr'>Saba</span> <span class='ocrx_word' id='word_1_60' title='bbox 1002 1327 1060 1384; x_wconf 80' lang='lat' dir='ltr'>et</span> <span class='ocrx_word' id='word_1_61' title='bbox 1098 1321 1286 1385; x_wconf 86' lang='lat' dir='ltr'>Saba:</span> <span class='ocrx_word' id='word_1_62' title='bbox 1350 1321 1625 1405; x_wconf 90' lang='lat' dir='ltr'>primum</span> <span class='ocrx_word' id='word_1_63' title='bbox 1678 1341 1907 1388; x_wconf 92' lang='lat' dir='ltr'>nomen</span> <span class='ocrx_word' id='word_1_64' title='bbox 1962 1342 2074 1405; x_wconf 88' lang='lat' dir='ltr'>per</span> <span class='ocrx_word' id='word_1_65' title='bbox 2116 1324 2246 1401; x_wconf 84' lang='lat' dir='ltr'>sin,</span> <span class='ocrx_word' id='word_1_66' title='bbox 2309 1324 2651 1389; x_wconf 89' lang='lat' dir='ltr'>secundum</span> <span class='ocrx_word' id='word_1_67' title='bbox 2706 1345 2817 1408; x_wconf 89' lang='lat' dir='ltr'>per</span> 
     </span>
     <span class='ocr_line' id='line_1_10' title="bbox 595 1423 2684 1512; baseline 0.002 -24"><span class='ocrx_word' id='word_1_68' title='bbox 595 1423 865 1488; x_wconf 80' lang='lat' dir='ltr'><strong>samech.</strong></span> <span class='ocrx_word' id='word_1_69' title='bbox 931 1423 1156 1489; x_wconf 88' lang='lat' dir='ltr'>Dadan</span> <span class='ocrx_word' id='word_1_70' title='bbox 1199 1443 1356 1508; x_wconf 86' lang='lat' dir='ltr'>gens</span> <span class='ocrx_word' id='word_1_71' title='bbox 1403 1427 1501 1490; x_wconf 85' lang='lat' dir='ltr'>est</span> <span class='ocrx_word' id='word_1_72' title='bbox 1545 1423 1919 1509; x_wconf 77' lang='lat' dir='ltr'>Aethiopiae</span> <span class='ocrx_word' id='word_1_73' title='bbox 1950 1425 2014 1490; x_wconf 91' lang='lat' dir='ltr'>in</span> <span class='ocrx_word' id='word_1_74' title='bbox 2058 1425 2433 1492; x_wconf 89' lang='lat' dir='ltr'>occidentali</span> <span class='ocrx_word' id='word_1_75' title='bbox 2475 1427 2684 1512; x_wconf 85' lang='lat' dir='ltr'>plaga.</span> 
     </span>
    </p>

    <p class='ocr_par' dir='ltr' id='par_1_4' title="bbox 587 1529 2927 2639">
     <span class='ocr_line' id='line_1_11' title="bbox 767 1529 2927 1615; baseline 0.001 -24"><span class='ocrx_word' id='word_1_76' title='bbox 767 1531 852 1592; x_wconf 82' lang='lat' dir='ltr'>Et</span> <span class='ocrx_word' id='word_1_77' title='bbox 894 1529 1055 1592; x_wconf 74' lang='lat' dir='ltr'>Chus</span> <span class='ocrx_word' id='word_1_78' title='bbox 1093 1533 1302 1612; x_wconf 73' lang='lat' dir='ltr'>yenuit</span> <span class='ocrx_word' id='word_1_79' title='bbox 1342 1530 1624 1597; x_wconf 81' lang='lat' dir='ltr'>Nemrod.</span> <span class='ocrx_word' id='word_1_80' title='bbox 1712 1535 1827 1594; x_wconf 72' lang='lat' dir='ltr'>iste</span> <span class='ocrx_word' id='word_1_81' title='bbox 1867 1535 2058 1615; x_wconf 77' lang='lat' dir='ltr'>coepit</span> <span class='ocrx_word' id='word_1_82' title='bbox 2096 1553 2222 1595; x_wconf 75' lang='lat' dir='ltr'>esse</span> <span class='ocrx_word' id='word_1_83' title='bbox 2263 1537 2476 1615; x_wconf 70' lang='lat' dir='ltr'>potem</span> <span class='ocrx_word' id='word_1_84' title='bbox 2515 1537 2581 1595; x_wconf 82' lang='lat' dir='ltr'>in</span> <span class='ocrx_word' id='word_1_85' title='bbox 2632 1538 2812 1598; x_wconf 72' lang='lat' dir='ltr'>terra.</span> <span class='ocrx_word' id='word_1_86' title='bbox 2854 1542 2927 1595; x_wconf 90' lang='lat'>10</span> 
     </span>
     <span class='ocr_line' id='line_1_12' title="bbox 595 1632 2815 1719; baseline 0 -21"><span class='ocrx_word' id='word_1_87' title='bbox 595 1635 662 1698; x_wconf 81' lang='lat' dir='ltr'>et</span> <span class='ocrx_word' id='word_1_88' title='bbox 703 1635 847 1716; x_wconf 83' lang='lat' dir='ltr'>post</span> <span class='ocrx_word' id='word_1_89' title='bbox 889 1632 1214 1718; x_wconf 86' lang='lat' dir='ltr'>paululum</span> <span class='ocrx_word' id='word_1_90' title='bbox 1272 1639 1327 1698; x_wconf 78' lang='lat' dir='ltr'>et</span> <span class='ocrx_word' id='word_1_91' title='bbox 1368 1634 1499 1714; x_wconf 81' lang='lat' dir='ltr'>fuit</span> <span class='ocrx_word' id='word_1_92' title='bbox 1550 1633 1757 1716; x_wconf 80' lang='lat' dir='ltr'>inquit</span> <span class='ocrx_word' id='word_1_93' title='bbox 1812 1641 1991 1719; x_wconf 77' lang='lat' dir='ltr'>caput</span> <span class='ocrx_word' id='word_1_94' title='bbox 2048 1641 2223 1719; x_wconf 73' lang='lat' dir='ltr'>reym‘</span> <span class='ocrx_word' id='word_1_95' title='bbox 2276 1641 2470 1719; x_wconf 65' lang='lat' dir='ltr'>aps-ius</span> <span class='ocrx_word' id='word_1_96' title='bbox 2513 1639 2707 1701; x_wconf 77' lang='lat' dir='ltr'>Babel</span> <span class='ocrx_word' id='word_1_97' title='bbox 2757 1643 2815 1700; x_wconf 84' lang='lat' dir='ltr'>et</span> 
     </span>
     <span class='ocr_line' id='line_1_13' title="bbox 592 1738 2812 1805; baseline 0.001 -3"><span class='ocrx_word' id='word_1_98' title='bbox 592 1739 802 1802; x_wconf 67' lang='lat' dir='ltr'>Arae-72</span> <span class='ocrx_word' id='word_1_99' title='bbox 841 1744 900 1802; x_wconf 82' lang='lat' dir='ltr'>et</span> <span class='ocrx_word' id='word_1_100' title='bbox 936 1738 1153 1802; x_wconf 78' lang='lat' dir='ltr'>Achad</span> <span class='ocrx_word' id='word_1_101' title='bbox 1191 1744 1247 1802; x_wconf 74' lang='lat' dir='ltr'>et</span> <span class='ocrx_word' id='word_1_102' title='bbox 1290 1740 1591 1803; x_wconf 79' lang='lat' dir='ltr'>Chalanne</span> <span class='ocrx_word' id='word_1_103' title='bbox 1634 1743 1699 1802; x_wconf 80' lang='lat' dir='ltr'>in</span> <span class='ocrx_word' id='word_1_104' title='bbox 1742 1743 1908 1802; x_wconf 76' lang='lat' dir='ltr'>terra</span> <span class='ocrx_word' id='word_1_105' title='bbox 1944 1740 2229 1804; x_wconf 79' lang='lat' dir='ltr'>Sennaar.</span> <span class='ocrx_word' id='word_1_106' title='bbox 2320 1739 2601 1805; x_wconf 84' lang='lat' dir='ltr'>Nemrod</span> <span class='ocrx_word' id='word_1_107' title='bbox 2644 1739 2812 1804; x_wconf 84' lang='lat' dir='ltr'>filius</span> 
     </span>
     <span class='ocr_line' id='line_1_14' title="bbox 594 1841 2813 1927; baseline 0 -19"><span class='ocrx_word' id='word_1_108' title='bbox 594 1841 762 1908; x_wconf 88' lang='lat' dir='ltr'>Chus</span> <span class='ocrx_word' id='word_1_109' title='bbox 803 1841 1067 1924; x_wconf 88' lang='lat' dir='ltr'>arripuit</span> <span class='ocrx_word' id='word_1_110' title='bbox 1108 1842 1425 1907; x_wconf 88' lang='lat' dir='ltr'>insuetam</span> <span class='ocrx_word' id='word_1_111' title='bbox 1463 1843 1705 1925; x_wconf 88' lang='lat' dir='ltr'>primus</span> <span class='ocrx_word' id='word_1_112' title='bbox 1757 1842 1824 1906; x_wconf 89' lang='lat' dir='ltr'>in</span> <span class='ocrx_word' id='word_1_113' title='bbox 1869 1843 2099 1927; x_wconf 89' lang='lat' dir='ltr'>populo</span> <span class='ocrx_word' id='word_1_114' title='bbox 2144 1842 2544 1926; x_wconf 77' lang='lat' dir='ltr'>tyrannidem</span> <span class='ocrx_word' id='word_1_115' title='bbox 2582 1863 2813 1927; x_wconf 86' lang='lat' dir='ltr'>regna-</span> 
     </span>
     <span class='ocr_line' id='line_1_15' title="bbox 590 1944 2814 2031; baseline 0 -19"><span class='ocrx_word' id='word_1_116' title='bbox 590 1947 808 2030; x_wconf 89' lang='lat' dir='ltr'>uitque</span> <span class='ocrx_word' id='word_1_117' title='bbox 867 1946 934 2010; x_wconf 91' lang='lat' dir='ltr'>in</span> <span class='ocrx_word' id='word_1_118' title='bbox 988 1944 1342 2028; x_wconf 83' lang='lat' dir='ltr'>Babylone,</span> <span class='ocrx_word' id='word_1_119' title='bbox 1401 1964 1557 2027; x_wconf 90' lang='lat' dir='ltr'>quae</span> <span class='ocrx_word' id='word_1_120' title='bbox 1620 1945 1698 2011; x_wconf 91' lang='lat' dir='ltr'>ab</span> <span class='ocrx_word' id='word_1_121' title='bbox 1760 1965 1865 2026; x_wconf 88' lang='lat' dir='ltr'>eo,</span> <span class='ocrx_word' id='word_1_122' title='bbox 1942 1945 2107 2031; x_wconf 85' lang='lat' dir='ltr'>quod</span> <span class='ocrx_word' id='word_1_123' title='bbox 2162 1946 2252 2011; x_wconf 92' lang='lat' dir='ltr'>ibi</span> <span class='ocrx_word' id='word_1_124' title='bbox 2312 1948 2606 2014; x_wconf 88' lang='lat' dir='ltr'>confusae</span> <span class='ocrx_word' id='word_1_125' title='bbox 2666 1950 2814 2012; x_wconf 85' lang='lat' dir='ltr'>sunt</span> 
     </span>
     <span class='ocr_line' id='line_1_16' title="bbox 587 2049 2925 2134; baseline -0.001 -18"><span class='ocrx_word' id='word_1_126' title='bbox 587 2050 840 2134; x_wconf 87' lang='lat' dir='ltr'>linguae</span> <span class='ocrx_word' id='word_1_127' title='bbox 894 2049 1121 2114; x_wconf 84' lang='lat' dir='ltr'>turrim</span> <span class='ocrx_word' id='word_1_128' title='bbox 1173 2049 1643 2116; x_wconf 84' lang='lat' dir='ltr'>aedificantium</span> <span class='ocrx_word' id='word_1_129' title='bbox 1662 2098 1677 2128; x_wconf 95' lang='lat'>,</span> <span class='ocrx_word' id='word_1_130' title='bbox 1749 2050 1951 2115; x_wconf 87' lang='lat' dir='ltr'>Babel</span> <span class='ocrx_word' id='word_1_131' title='bbox 2008 2049 2347 2134; x_wconf 65' lang='lat' dir='ltr'>appellata,</span> <span class='ocrx_word' id='word_1_132' title='bbox 2384 2053 2498 2116; x_wconf 88' lang='lat' dir='ltr'>est.</span> <span class='ocrx_word' id='word_1_133' title='bbox 2612 2051 2815 2117; x_wconf 89' lang='lat' dir='ltr'>Babel</span> <span class='ocrx_word' id='word_1_134' title='bbox 2852 2061 2925 2114; x_wconf 81' lang='lat'>15</span> 
     </span>
     <span class='ocr_line' id='line_1_17' title="bbox 592 2153 2811 2238; baseline 0 -20"><span class='ocrx_word' id='word_1_135' title='bbox 592 2154 760 2218; x_wconf 90' lang='lat' dir='ltr'>enim</span> <span class='ocrx_word' id='word_1_136' title='bbox 817 2154 1270 2236; x_wconf 84' lang='lat' dir='ltr'>interpretatur</span> <span class='ocrx_word' id='word_1_137' title='bbox 1317 2153 1617 2220; x_wconf 86' lang='lat' dir='ltr'>confusio.</span> <span class='ocrx_word' id='word_1_138' title='bbox 1723 2154 2017 2238; x_wconf 84' lang='lat' dir='ltr'>regnauit</span> <span class='ocrx_word' id='word_1_139' title='bbox 2075 2157 2288 2220; x_wconf 89' lang='lat' dir='ltr'>autem</span> <span class='ocrx_word' id='word_1_140' title='bbox 2348 2157 2413 2220; x_wconf 91' lang='lat' dir='ltr'>et</span> <span class='ocrx_word' id='word_1_141' title='bbox 2469 2155 2535 2219; x_wconf 92' lang='lat' dir='ltr'>in</span> <span class='ocrx_word' id='word_1_142' title='bbox 2579 2154 2811 2234; x_wconf 88' lang='lat' dir='ltr'>Arach,</span> 
     </span>
     <span class='ocr_line' id='line_1_18' title="bbox 588 2256 2813 2341; baseline 0.001 -20"><span class='ocrx_word' id='word_1_143' title='bbox 588 2257 709 2323; x_wconf 84' lang='lat' dir='ltr'>hoe</span> <span class='ocrx_word' id='word_1_144' title='bbox 755 2259 852 2324; x_wconf 83' lang='lat' dir='ltr'>est</span> <span class='ocrx_word' id='word_1_145' title='bbox 894 2259 962 2321; x_wconf 91' lang='lat' dir='ltr'>in</span> <span class='ocrx_word' id='word_1_146' title='bbox 1005 2257 1276 2335; x_wconf 80' lang='lat' dir='ltr'>Edessa,</span> <span class='ocrx_word' id='word_1_147' title='bbox 1336 2260 1401 2323; x_wconf 92' lang='lat' dir='ltr'>et</span> <span class='ocrx_word' id='word_1_148' title='bbox 1441 2259 1510 2322; x_wconf 92' lang='lat' dir='ltr'>in</span> <span class='ocrx_word' id='word_1_149' title='bbox 1554 2256 1808 2337; x_wconf 84' lang='lat' dir='ltr'>Achad‚</span> <span class='ocrx_word' id='word_1_150' title='bbox 1867 2278 2026 2341; x_wconf 88' lang='lat' dir='ltr'>quae</span> <span class='ocrx_word' id='word_1_151' title='bbox 2070 2277 2233 2324; x_wconf 87' lang='lat' dir='ltr'>nunc</span> <span class='ocrx_word' id='word_1_152' title='bbox 2280 2258 2507 2323; x_wconf 80' lang='lat' dir='ltr'>dicitur</span> <span class='ocrx_word' id='word_1_153' title='bbox 2552 2258 2813 2338; x_wconf 60' lang='lat' dir='ltr'>Nisibis»,</span> 
     </span>
     <span class='ocr_line' id='line_1_19' title="bbox 590 2361 2812 2449; baseline 0.001 -23"><span class='ocrx_word' id='word_1_154' title='bbox 590 2365 656 2428; x_wconf 90' lang='lat' dir='ltr'>et</span> <span class='ocrx_word' id='word_1_155' title='bbox 703 2363 770 2427; x_wconf 90' lang='lat' dir='ltr'>in</span> <span class='ocrx_word' id='word_1_156' title='bbox 807 2361 1161 2442; x_wconf 83' lang='lat' dir='ltr'>Chalanne,</span> <span class='ocrx_word' id='word_1_157' title='bbox 1227 2381 1385 2445; x_wconf 89' lang='lat' dir='ltr'>quae</span> <span class='ocrx_word' id='word_1_158' title='bbox 1439 2365 1659 2447; x_wconf 88' lang='lat' dir='ltr'>postea</span> <span class='ocrx_word' id='word_1_159' title='bbox 1702 2381 1885 2427; x_wconf 90' lang='lat' dir='ltr'>uerso</span> <span class='ocrx_word' id='word_1_160' title='bbox 1946 2364 2195 2428; x_wconf 89' lang='lat' dir='ltr'>nomine</span> <span class='ocrx_word' id='word_1_161' title='bbox 2260 2383 2297 2429; x_wconf 94' lang='lat' dir='ltr'>a</span> <span class='ocrx_word' id='word_1_162' title='bbox 2342 2363 2602 2429; x_wconf 87' lang='lat' dir='ltr'>Seleuco</span> <span class='ocrx_word' id='word_1_163' title='bbox 2658 2383 2812 2449; x_wconf 89' lang='lat' dir='ltr'>rege</span> 
     </span>
     <span class='ocr_line' id='line_1_20' title="bbox 589 2465 2811 2558; baseline 0 -25"><span class='ocrx_word' id='word_1_164' title='bbox 589 2469 688 2533; x_wconf 85' lang='lat' dir='ltr'>est</span> <span class='ocrx_word' id='word_1_165' title='bbox 746 2467 916 2533; x_wconf 88' lang='lat' dir='ltr'>dicta</span> <span class='ocrx_word' id='word_1_166' title='bbox 977 2465 1259 2533; x_wconf 86' lang='lat' dir='ltr'>Seleucia</span> <span class='ocrx_word' id='word_1_167' title='bbox 1275 2517 1290 2547; x_wconf 93' lang='lat'>‚</span> <span class='ocrx_word' id='word_1_168' title='bbox 1339 2467 1447 2531; x_wconf 92' lang='lat' dir='ltr'>uel</span> <span class='ocrx_word' id='word_1_169' title='bbox 1493 2468 1662 2532; x_wconf 85' lang='lat' dir='ltr'>certe</span> <span class='ocrx_word' id='word_1_170' title='bbox 1678 2518 1693 2545; x_wconf 93' lang='lat'>‚</span> <span class='ocrx_word' id='word_1_171' title='bbox 1740 2487 1899 2551; x_wconf 89' lang='lat' dir='ltr'>quae</span> <span class='ocrx_word' id='word_1_172' title='bbox 1955 2488 2121 2533; x_wconf 93' lang='lat' dir='ltr'>nunc</span> <span class='ocrx_word' id='word_1_173' title='bbox 2180 2472 2536 2558; x_wconf 56' lang='grc' dir='ltr'>Κτησιφῶν</span> <span class='ocrx_word' id='word_1_174' title='bbox 2592 2467 2811 2552; x_wconf 88' lang='lat' dir='ltr'>appel-</span> 
     </span>
     <span class='ocr_line' id='line_1_21' title="bbox 587 2572 2925 2639; baseline 0.001 -2"><span class='ocrx_word' id='word_1_175' title='bbox 587 2572 775 2637; x_wconf 89' lang='lat' dir='ltr'>latur.</span> <span class='ocrx_word' id='word_1_176' title='bbox 2848 2586 2925 2639; x_wconf 79' lang='lat'>20</span> 
     </span>
    </p>

    <p class='ocr_par' dir='ltr' id='par_1_5' title="bbox 582 2674 3016 3489">
     <span class='ocr_line' id='line_1_22' title="bbox 763 2674 2812 2755; baseline 0 -16"><span class='ocrx_word' id='word_1_177' title='bbox 763 2677 863 2740; x_wconf 84' lang='lat' dir='ltr'>De</span> <span class='ocrx_word' id='word_1_178' title='bbox 910 2681 1074 2741; x_wconf 80' lang='lat' dir='ltr'>terra</span> <span class='ocrx_word' id='word_1_179' title='bbox 1113 2678 1227 2740; x_wconf 78' lang='lat' dir='ltr'>illa</span> <span class='ocrx_word' id='word_1_180' title='bbox 1271 2679 1469 2740; x_wconf 74' lang='lat' dir='ltr'>exiuit</span> <span class='ocrx_word' id='word_1_181' title='bbox 1510 2674 1715 2737; x_wconf 71' lang='lat' dir='ltr'>Assur</span> <span class='ocrx_word' id='word_1_182' title='bbox 1765 2679 1821 2737; x_wconf 79' lang='lat' dir='ltr'>et</span> <span class='ocrx_word' id='word_1_183' title='bbox 1860 2675 2202 2755; x_wconf 77' lang='lat' dir='ltr'>aedzfioauit</span> <span class='ocrx_word' id='word_1_184' title='bbox 2243 2676 2513 2739; x_wconf 75' lang='lat' dir='ltr'>Niniuen</span> <span class='ocrx_word' id='word_1_185' title='bbox 2552 2681 2609 2739; x_wconf 78' lang='lat' dir='ltr'>et</span> <span class='ocrx_word' id='word_1_186' title='bbox 2650 2677 2812 2741; x_wconf 87' lang='lat' dir='ltr'>Roo-</span> 
     </span>
     <span class='ocr_line' id='line_1_23' title="bbox 586 2776 2810 2864; baseline -0.001 -18"><span class='ocrx_word' id='word_1_187' title='bbox 586 2784 722 2846; x_wconf 79' lang='lat' dir='ltr'>both</span> <span class='ocrx_word' id='word_1_188' title='bbox 773 2785 1096 2845; x_wconf 80' lang='lat' dir='ltr'>ciuitatem.</span> <span class='ocrx_word' id='word_1_189' title='bbox 1201 2777 1276 2844; x_wconf 90' lang='lat' dir='ltr'>de</span> <span class='ocrx_word' id='word_1_190' title='bbox 1337 2779 1458 2843; x_wconf 89' lang='lat' dir='ltr'>hac</span> <span class='ocrx_word' id='word_1_191' title='bbox 1521 2780 1695 2843; x_wconf 85' lang='lat' dir='ltr'>terra</span> <span class='ocrx_word' id='word_1_192' title='bbox 1748 2776 2155 2860; x_wconf 87' lang='lat' dir='ltr'>Assyriorum</span> <span class='ocrx_word' id='word_1_193' title='bbox 2212 2776 2553 2862; x_wconf 86' lang='lat' dir='ltr'>pullulauit</span> <span class='ocrx_word' id='word_1_194' title='bbox 2606 2778 2810 2864; x_wconf 89' lang='lat' dir='ltr'>impe-</span> 
     </span>
     <span class='ocr_line' id='line_1_24' title="bbox 587 2880 2809 2967; baseline -0 -17"><span class='ocrx_word' id='word_1_195' title='bbox 587 2886 786 2964; x_wconf 85' lang='lat' dir='ltr'>rium,</span> <span class='ocrx_word' id='word_1_196' title='bbox 866 2882 1033 2967; x_wconf 89' lang='lat' dir='ltr'>quod</span> <span class='ocrx_word' id='word_1_197' title='bbox 1093 2902 1166 2947; x_wconf 87' lang='lat' dir='ltr'>ex</span> <span class='ocrx_word' id='word_1_198' title='bbox 1221 2882 1470 2947; x_wconf 88' lang='lat' dir='ltr'>nomine</span> <span class='ocrx_word' id='word_1_199' title='bbox 1514 2880 1669 2947; x_wconf 88' lang='lat' dir='ltr'>Nini</span> <span class='ocrx_word' id='word_1_200' title='bbox 1720 2881 1862 2947; x_wconf 88' lang='lat' dir='ltr'>Beli</span> <span class='ocrx_word' id='word_1_201' title='bbox 1920 2880 2038 2945; x_wconf 88' lang='lat' dir='ltr'>filii</span> <span class='ocrx_word' id='word_1_202' title='bbox 2077 2881 2315 2947; x_wconf 88' lang='lat' dir='ltr'>Ninum</span> <span class='ocrx_word' id='word_1_203' title='bbox 2377 2882 2809 2962; x_wconf 88' lang='lat' dir='ltr'>condiderunt,</span> 
     </span>
     <span class='ocr_line' id='line_1_25' title="bbox 585 2984 2810 3071; baseline -0 -18"><span class='ocrx_word' id='word_1_204' title='bbox 585 2988 808 3054; x_wconf 86' lang='lat' dir='ltr'>urbem</span> <span class='ocrx_word' id='word_1_205' title='bbox 851 3007 1176 3071; x_wconf 86' lang='lat' dir='ltr'>magnam,</span> <span class='ocrx_word' id='word_1_206' title='bbox 1224 3006 1413 3071; x_wconf 83' lang='lat' dir='ltr'>quam</span> <span class='ocrx_word' id='word_1_207' title='bbox 1433 2984 1710 3051; x_wconf 88' lang='lat' dir='ltr'>Hebraei</span> <span class='ocrx_word' id='word_1_208' title='bbox 1756 2984 2077 3070; x_wconf 90' lang='lat' dir='ltr'>appellant</span> <span class='ocrx_word' id='word_1_209' title='bbox 2119 2984 2414 3051; x_wconf 88' lang='lat' dir='ltr'>Niniuen.</span> <span class='ocrx_word' id='word_1_210' title='bbox 2502 2984 2583 3051; x_wconf 88' lang='lat' dir='ltr'>ad</span> <span class='ocrx_word' id='word_1_211' title='bbox 2628 2986 2810 3052; x_wconf 85' lang='lat' dir='ltr'>cuius</span> 
     </span>
     <span class='ocr_line' id='line_1_26' title="bbox 585 3090 2923 3175; baseline 0 -18"><span class='ocrx_word' id='word_1_212' title='bbox 585 3093 689 3158; x_wconf 90' lang='lat' dir='ltr'>uel</span> <span class='ocrx_word' id='word_1_213' title='bbox 732 3093 979 3157; x_wconf 90' lang='lat' dir='ltr'>ruinam</span> <span class='ocrx_word' id='word_1_214' title='bbox 1034 3091 1137 3156; x_wconf 90' lang='lat' dir='ltr'>uel</span> <span class='ocrx_word' id='word_1_215' title='bbox 1188 3090 1642 3175; x_wconf 90' lang='lat' dir='ltr'>poenitentiam</span> <span class='ocrx_word' id='word_1_216' title='bbox 1698 3090 1836 3155; x_wconf 91' lang='lat' dir='ltr'>tota</span> <span class='ocrx_word' id='word_1_217' title='bbox 1879 3090 2068 3155; x_wconf 90' lang='lat' dir='ltr'>Ionae</span> <span class='ocrx_word' id='word_1_218' title='bbox 2128 3090 2402 3172; x_wconf 78' lang='lat' dir='ltr'>pertinet</span> <span class='ocrx_word' id='word_1_219' title='bbox 2458 3091 2807 3175; x_wconf 82' lang='lat' dir='ltr'>prophetia.</span> <span class='ocrx_word' id='word_1_220' title='bbox 2846 3108 2923 3162; x_wconf 85' lang='lat'>25</span> 
     </span>
     <span class='ocr_line' id='line_1_27' title="bbox 586 3194 3016 3279; baseline 0 -18"><span class='ocrx_word' id='word_1_221' title='bbox 586 3196 751 3278; x_wconf 91' lang='lat' dir='ltr'>quod</span> <span class='ocrx_word' id='word_1_222' title='bbox 791 3197 1000 3261; x_wconf 88' lang='lat' dir='ltr'>autem</span> <span class='ocrx_word' id='word_1_223' title='bbox 1049 3196 1138 3261; x_wconf 89' lang='lat' dir='ltr'>ait</span> <span class='ocrx_word' id='word_1_224' title='bbox 1195 3196 1462 3259; x_wconf 77' lang='lat' dir='ltr'>Niniuen</span> <span class='ocrx_word' id='word_1_225' title='bbox 1518 3200 1574 3257; x_wconf 77' lang='lat' dir='ltr'>et</span> <span class='ocrx_word' id='word_1_226' title='bbox 1615 3194 1884 3257; x_wconf 75' lang='lat' dir='ltr'>Rooboth</span> <span class='ocrx_word' id='word_1_227' title='bbox 1933 3197 2267 3272; x_wconf 76' lang='lat' dir='ltr'>ciuitatem,</span> <span class='ocrx_word' id='word_1_228' title='bbox 2329 3213 2452 3260; x_wconf 92' lang='lat' dir='ltr'>non</span> <span class='ocrx_word' id='word_1_229' title='bbox 2509 3196 2808 3279; x_wconf 86' lang='lat' dir='ltr'>putemus</span> <span class='ocrx_word' id='word_1_230' title='bbox 3002 3196 3016 3203; x_wconf 83' lang='grc'><strong>’</strong></span> 
     </span>
     <span class='ocr_line' id='line_1_28' title="bbox 587 3296 2805 3389; baseline 0 -24"><span class='ocrx_word' id='word_1_231' title='bbox 587 3299 741 3365; x_wconf 85' lang='lat' dir='ltr'>duas</span> <span class='ocrx_word' id='word_1_232' title='bbox 791 3318 927 3365; x_wconf 89' lang='lat' dir='ltr'>esse</span> <span class='ocrx_word' id='word_1_233' title='bbox 985 3298 1207 3365; x_wconf 78' lang='lat' dir='ltr'>urbest</span> <span class='ocrx_word' id='word_1_234' title='bbox 1272 3298 1382 3364; x_wconf 89' lang='lat' dir='ltr'>sed</span> <span class='ocrx_word' id='word_1_235' title='bbox 1439 3297 1589 3380; x_wconf 88' lang='lat' dir='ltr'>quia</span> <span class='ocrx_word' id='word_1_236' title='bbox 1632 3296 1925 3363; x_wconf 89' lang='lat' dir='ltr'>Rooboth</span> <span class='ocrx_word' id='word_1_237' title='bbox 1981 3296 2227 3379; x_wconf 86' lang='lat' dir='ltr'>plateae</span> <span class='ocrx_word' id='word_1_238' title='bbox 2288 3296 2805 3389; x_wconf 61' lang='lat' dir='ltr'>interpretantur,</span> 
     </span>
     <span class='ocr_line' id='line_1_29' title="bbox 582 3402 2693 3489; baseline 0 -20"><span class='ocrx_word' id='word_1_239' title='bbox 582 3405 676 3470; x_wconf 87' lang='lat' dir='ltr'>ita</span> <span class='ocrx_word' id='word_1_240' title='bbox 718 3402 1058 3489; x_wconf 86' lang='lat' dir='ltr'>legendum</span> <span class='ocrx_word' id='word_1_241' title='bbox 1101 3406 1198 3469; x_wconf 87' lang='lat' dir='ltr'>est</span> <span class='ocrx_word' id='word_1_242' title='bbox 1245 3410 1324 3468; x_wconf 73' lang='lat' dir='ltr'>et·</span> <span class='ocrx_word' id='word_1_243' title='bbox 1344 3404 1687 3486; x_wconf 74' lang='lat' dir='ltr'>aedfficauit</span> <span class='ocrx_word' id='word_1_244' title='bbox 1730 3402 1995 3465; x_wconf 81' lang='lat' dir='ltr'>Niniuen</span> <span class='ocrx_word' id='word_1_245' title='bbox 2041 3407 2099 3465; x_wconf 80' lang='lat' dir='ltr'>et</span> <span class='ocrx_word' id='word_1_246' title='bbox 2134 3404 2367 3485; x_wconf 72' lang='lat' dir='ltr'>plateas·</span> <span class='ocrx_word' id='word_1_247' title='bbox 2408 3408 2693 3469; x_wconf 46' lang='lat' dir='ltr'>ciuitate.</span> 
     </span>
    </p>

    <p class='ocr_par' dir='ltr' id='par_1_6' title="bbox 565 3504 2923 3801">
     <span class='ocr_line' id='line_1_30' title="bbox 759 3504 2812 3592; baseline -0.001 -18"><span class='ocrx_word' id='word_1_248' title='bbox 759 3512 844 3573; x_wconf 82' lang='lat' dir='ltr'>Et</span> <span class='ocrx_word' id='word_1_249' title='bbox 887 3510 1180 3574; x_wconf 74' lang='lat' dir='ltr'>Mesraim</span> <span class='ocrx_word' id='word_1_250' title='bbox 1234 3512 1444 3592; x_wconf 74' lang='lat' dir='ltr'>qenuit</span> <span class='ocrx_word' id='word_1_251' title='bbox 1488 3507 1715 3570; x_wconf 78' lang='lat' dir='ltr'>Ludim</span> <span class='ocrx_word' id='word_1_252' title='bbox 1756 3510 1813 3569; x_wconf 77' lang='lat' dir='ltr'>et</span> <span class='ocrx_word' id='word_1_253' title='bbox 1858 3504 2145 3569; x_wconf 76' lang='lat' dir='ltr'>Anamim</span> <span class='ocrx_word' id='word_1_254' title='bbox 2186 3510 2243 3569; x_wconf 75' lang='lat' dir='ltr'>et</span> <span class='ocrx_word' id='word_1_255' title='bbox 2284 3507 2541 3572; x_wconf 77' lang='lat' dir='ltr'>Labaim</span> <span class='ocrx_word' id='word_1_256' title='bbox 2586 3513 2644 3570; x_wconf 79' lang='lat' dir='ltr'>et</span> <span class='ocrx_word' id='word_1_257' title='bbox 2686 3507 2812 3571; x_wconf 82' lang='lat' dir='ltr'>Ne-</span> 
     </span>
     <span class='ocr_line' id='line_1_31' title="bbox 565 3610 2923 3695; baseline -0.002 -17"><span class='ocrx_word' id='word_1_258' title='bbox 565 3614 805 3695; x_wconf 76' lang='lat' dir='ltr'>flhm&#39;m</span> <span class='ocrx_word' id='word_1_259' title='bbox 837 3618 892 3676; x_wconf 81' lang='lat' dir='ltr'>et</span> <span class='ocrx_word' id='word_1_260' title='bbox 923 3614 1222 3677; x_wconf 72' lang='lat' dir='ltr'>Fetrosim</span> <span class='ocrx_word' id='word_1_261' title='bbox 1253 3617 1310 3675; x_wconf 79' lang='lat' dir='ltr'>et</span> <span class='ocrx_word' id='word_1_262' title='bbox 1337 3612 1640 3675; x_wconf 63' lang='lat' dir='ltr'>Cha-eloim</span> <span class='ocrx_word' id='word_1_263' title='bbox 1653 3661 1668 3688; x_wconf 91' lang='lat'>,</span> <span class='ocrx_word' id='word_1_264' title='bbox 1716 3631 1747 3672; x_wconf 83' lang='lat' dir='ltr'>e</span> <span class='ocrx_word' id='word_1_265' title='bbox 1788 3612 2005 3692; x_wconf 70' lang='lat' dir='ltr'>quibus</span> <span class='ocrx_word' id='word_1_266' title='bbox 2034 3614 2262 3692; x_wconf 71' lang='lat' dir='ltr'>eyressi</span> <span class='ocrx_word' id='word_1_267' title='bbox 2300 3614 2439 3673; x_wconf 75' lang='lat' dir='ltr'>sunt</span> <span class='ocrx_word' id='word_1_268' title='bbox 2468 3610 2809 3675; x_wconf 72' lang='lat' dir='ltr'>Philistiim</span> <span class='ocrx_word' id='word_1_269' title='bbox 2846 3630 2923 3686; x_wconf 85' lang='lat'>30</span> 
     </span>
     <span class='ocr_line' id='line_1_32' title="bbox 583 3711 2809 3801; baseline -0.002 -19"><span class='ocrx_word' id='word_1_270' title='bbox 583 3722 640 3782; x_wconf 81' lang='lat' dir='ltr'>et</span> <span class='ocrx_word' id='word_1_271' title='bbox 682 3717 1007 3801; x_wconf 78' lang='lat' dir='ltr'>Captorim.</span> <span class='ocrx_word' id='word_1_272' title='bbox 1097 3714 1372 3797; x_wconf 83' lang='lat' dir='ltr'>exceptis</span> <span class='ocrx_word' id='word_1_273' title='bbox 1401 3712 1693 3790; x_wconf 90' lang='lat' dir='ltr'>Labaim‚</span> <span class='ocrx_word' id='word_1_274' title='bbox 1746 3730 1783 3777; x_wconf 91' lang='lat' dir='ltr'>a</span> <span class='ocrx_word' id='word_1_275' title='bbox 1815 3712 2038 3794; x_wconf 87' lang='lat' dir='ltr'>quibus</span> <span class='ocrx_word' id='word_1_276' title='bbox 2070 3711 2297 3798; x_wconf 69' lang='lat' dir='ltr'>Libyes</span> <span class='ocrx_word' id='word_1_277' title='bbox 2336 3714 2555 3794; x_wconf 86' lang='lat' dir='ltr'>postea</span> <span class='ocrx_word' id='word_1_278' title='bbox 2597 3712 2809 3779; x_wconf 91' lang='lat' dir='ltr'>nomi-</span> 
     </span>
    </p>
   </div>
   <div class='ocr_carea' id='block_1_3' title="bbox 581 3872 2803 4034">
    <p class='ocr_par' dir='ltr' id='par_1_7' title="bbox 581 3872 2803 4034">
     <span class='ocr_line' id='line_1_33' title="bbox 723 3872 2803 3946; baseline -0.002 -13"><span class='ocrx_word' id='word_1_279' title='bbox 723 3878 758 3933; x_wconf 83' lang='lat'><strong>3</strong></span> <span class='ocrx_word' id='word_1_280' title='bbox 796 3880 906 3930; x_wconf 83' lang='lat' dir='ltr'>Gen</span> <span class='ocrx_word' id='word_1_281' title='bbox 949 3878 1030 3943; x_wconf 90' lang='grc'>10,</span> <span class='ocrx_word' id='word_1_282' title='bbox 1070 3879 1100 3933; x_wconf 81' lang='lat'><strong>7</strong></span> <span class='ocrx_word' id='word_1_283' title='bbox 1149 3878 1156 3946; x_wconf 99' lang='grc' dir='ltr'>Ι</span> <span class='ocrx_word' id='word_1_284' title='bbox 1207 3878 1239 3931; x_wconf 91' lang='grc'><strong>6</strong></span> <span class='ocrx_word' id='word_1_285' title='bbox 1275 3876 1447 3927; x_wconf 82' lang='lat' dir='ltr'>Psalm</span> <span class='ocrx_word' id='word_1_286' title='bbox 1485 3876 1568 3941; x_wconf 82' lang='lat'>¹72,</span> <span class='ocrx_word' id='word_1_287' title='bbox 1607 3875 1675 3930; x_wconf 91' lang='grc'>10</span> <span class='ocrx_word' id='word_1_288' title='bbox 1717 3874 1726 3944; x_wconf 91' lang='grc' dir='ltr'>Ι</span> <span class='ocrx_word' id='word_1_289' title='bbox 1772 3875 1839 3929; x_wconf 90' lang='grc'>10</span> <span class='ocrx_word' id='word_1_290' title='bbox 1878 3876 1986 3927; x_wconf 80' lang='lat' dir='ltr'>Gen</span> <span class='ocrx_word' id='word_1_291' title='bbox 2025 3875 2109 3936; x_wconf 83' lang='grc'>10,</span> <span class='ocrx_word' id='word_1_292' title='bbox 2148 3872 2184 3925; x_wconf 91' lang='grc'>8</span> <span class='ocrx_word' id='word_1_293' title='bbox 2236 3873 2245 3940; x_wconf 98' lang='grc' dir='ltr'>Ι</span> <span class='ocrx_word' id='word_1_294' title='bbox 2304 3875 2369 3929; x_wconf 90' lang='grc'>11</span> <span class='ocrx_word' id='word_1_295' title='bbox 2408 3875 2519 3925; x_wconf 84' lang='lat' dir='ltr'>Gen</span> <span class='ocrx_word' id='word_1_296' title='bbox 2557 3875 2639 3938; x_wconf 90' lang='lat'>10,</span> <span class='ocrx_word' id='word_1_297' title='bbox 2676 3876 2745 3929; x_wconf 89' lang='grc'>10</span> <span class='ocrx_word' id='word_1_298' title='bbox 2793 3874 2803 3946; x_wconf 91' lang='grc' dir='ltr'>Ι</span> 
     </span>
     <span class='ocr_line' id='line_1_34' title="bbox 581 3960 2209 4034; baseline -0.005 -12"><span class='ocrx_word' id='word_1_299' title='bbox 581 3967 647 4022; x_wconf 83' lang='grc'>21</span> <span class='ocrx_word' id='word_1_300' title='bbox 689 3968 799 4018; x_wconf 86' lang='lat' dir='ltr'>Gen</span> <span class='ocrx_word' id='word_1_301' title='bbox 837 3965 920 4030; x_wconf 91' lang='grc'>10,</span> <span class='ocrx_word' id='word_1_302' title='bbox 960 3964 1024 4019; x_wconf 90' lang='grc'>11</span> <span class='ocrx_word' id='word_1_303' title='bbox 1057 3964 1066 4034; x_wconf 96' lang='grc' dir='ltr'>Ι</span> <span class='ocrx_word' id='word_1_304' title='bbox 1108 3965 1176 4019; x_wconf 70' lang='lat'>26</span> <span class='ocrx_word' id='word_1_305' title='bbox 1212 3965 1322 4015; x_wconf 86' lang='lat' dir='ltr'>Gen</span> <span class='ocrx_word' id='word_1_306' title='bbox 1364 3963 1446 4028; x_wconf 87' lang='grc'>10,</span> <span class='ocrx_word' id='word_1_307' title='bbox 1485 3963 1548 4016; x_wconf 91' lang='grc'>11</span> <span class='ocrx_word' id='word_1_308' title='bbox 1601 3961 1610 4031; x_wconf 97' lang='grc' dir='ltr'>Ι</span> <span class='ocrx_word' id='word_1_309' title='bbox 1656 3962 1724 4016; x_wconf 83' lang='grc'>29</span> <span class='ocrx_word' id='word_1_310' title='bbox 1765 3962 1875 4012; x_wconf 83' lang='lat' dir='ltr'>Gen</span> <span class='ocrx_word' id='word_1_311' title='bbox 1912 3962 1995 4024; x_wconf 85' lang='grc'>10,</span> <span class='ocrx_word' id='word_1_312' title='bbox 2038 3960 2104 4015; x_wconf 83' lang='grc'>13</span> <span class='ocrx_word' id='word_1_313' title='bbox 2144 3960 2209 4014; x_wconf 88' lang='lat'>14</span> 
     </span>
    </p>
   </div>
   <div class='ocr_carea' id='block_1_4' title="bbox 583 4111 2808 4357">
    <p class='ocr_par' dir='ltr' id='par_1_8' title="bbox 583 4111 2808 4357">
     <span class='ocr_line' id='line_1_35' title="bbox 720 4111 2806 4189; baseline -0.005 -19"><span class='ocrx_word' id='word_1_314' title='bbox 720 4122 755 4177; x_wconf 89' lang='lat'><strong>3</strong></span> <span class='ocrx_word' id='word_1_315' title='bbox 790 4119 955 4172; x_wconf 76' lang='lat' dir='ltr'>dadan</span> <span class='ocrx_word' id='word_1_316' title='bbox 987 4138 1099 4189; x_wconf 78' lang='grc' dir='ltr'>γφ,</span> <span class='ocrx_word' id='word_1_317' title='bbox 1137 4120 1299 4171; x_wconf 84' lang='lat' dir='ltr'>dedan</span> <span class='ocrx_word' id='word_1_318' title='bbox 1333 4122 1369 4185; x_wconf 82' lang='grc' dir='ltr'>β</span> <span class='ocrx_word' id='word_1_319' title='bbox 1408 4116 1417 4186; x_wconf 94' lang='grc' dir='ltr'>Ι</span> <span class='ocrx_word' id='word_1_320' title='bbox 1456 4117 1491 4172; x_wconf 90' lang='grc'>8</span> <span class='ocrx_word' id='word_1_321' title='bbox 1526 4122 1576 4167; x_wconf 82' lang='lat' dir='ltr'>et</span> <span class='ocrx_word' id='word_1_322' title='bbox 1615 4116 1749 4167; x_wconf 80' lang='lat' dir='ltr'>Saba</span> <span class='ocrx_word' id='word_1_323' title='bbox 1787 4124 1859 4175; x_wconf 93' lang='lat'>&gt;</span> <span class='ocrx_word' id='word_1_324' title='bbox 1898 4120 2001 4185; x_wconf 77' lang='grc' dir='ltr'>βγ,</span> <span class='ocrx_word' id='word_1_325' title='bbox 2055 4116 2198 4165; x_wconf 73' lang='lat' dir='ltr'>habet</span> <span class='ocrx_word' id='word_1_326' title='bbox 2236 4134 2281 4186; x_wconf 84' lang='grc' dir='ltr'><strong><em>φ</em></strong></span> <span class='ocrx_word' id='word_1_327' title='bbox 2327 4112 2335 4182; x_wconf 89' lang='grc' dir='ltr'>Ι</span> <span class='ocrx_word' id='word_1_328' title='bbox 2383 4113 2450 4167; x_wconf 84' lang='grc'>14</span> <span class='ocrx_word' id='word_1_329' title='bbox 2483 4111 2675 4179; x_wconf 85' lang='lat' dir='ltr'>populo</span> <span class='ocrx_word' id='word_1_330' title='bbox 2713 4116 2806 4178; x_wconf 80' lang='grc' dir='ltr'>βγ,</span> 
     </span>
     <span class='ocr_line' id='line_1_36' title="bbox 585 4192 2805 4277; baseline -0.005 -18"><span class='ocrx_word' id='word_1_331' title='bbox 585 4207 806 4276; x_wconf 83' lang='lat' dir='ltr'>populos</span> <span class='ocrx_word' id='word_1_332' title='bbox 845 4226 890 4277; x_wconf 89' lang='grc' dir='ltr'><strong>φ</strong></span> <span class='ocrx_word' id='word_1_333' title='bbox 942 4207 951 4274; x_wconf 96' lang='grc' dir='ltr'>Ι</span> <span class='ocrx_word' id='word_1_334' title='bbox 1009 4206 1074 4260; x_wconf 90' lang='grc'>16</span> <span class='ocrx_word' id='word_1_335' title='bbox 1116 4210 1307 4257; x_wconf 87' lang='lat' dir='ltr'>turrem</span> <span class='ocrx_word' id='word_1_336' title='bbox 1349 4223 1442 4277; x_wconf 82' lang='grc' dir='ltr'>μφ</span> <span class='ocrx_word' id='word_1_337' title='bbox 1492 4203 1504 4271; x_wconf 93' lang='grc' dir='ltr'>Ι</span> <span class='ocrx_word' id='word_1_338' title='bbox 1565 4202 1630 4256; x_wconf 84' lang='lat'>1¹7</span> <span class='ocrx_word' id='word_1_339' title='bbox 1686 4203 1855 4253; x_wconf 82' lang='lat' dir='ltr'>edissa</span> <span class='ocrx_word' id='word_1_340' title='bbox 1911 4206 2007 4269; x_wconf 75' lang='grc' dir='ltr'>βγ,</span> <span class='ocrx_word' id='word_1_341' title='bbox 2070 4200 2271 4251; x_wconf 83' lang='lat' dir='ltr'>aedissa</span> <span class='ocrx_word' id='word_1_342' title='bbox 2326 4220 2404 4271; x_wconf 82' lang='grc' dir='ltr'>φ,</span> <span class='ocrx_word' id='word_1_343' title='bbox 2464 4199 2673 4250; x_wconf 77' lang='lat' dir='ltr'>aedessa</span> <span class='ocrx_word' id='word_1_344' title='bbox 2705 4215 2749 4265; x_wconf 89' lang='grc' dir='ltr'><strong><em>μ</em></strong></span> <span class='ocrx_word' id='word_1_345' title='bbox 2796 4192 2805 4264; x_wconf 91' lang='grc' dir='ltr'>Ι</span> 
     </span>
     <span class='ocr_line' id='line_1_37' title="bbox 583 4281 2808 4357; baseline -0.005 -11"><span class='ocrx_word' id='word_1_346' title='bbox 583 4293 649 4351; x_wconf 88' lang='grc'>19</span> <span class='ocrx_word' id='word_1_347' title='bbox 684 4308 955 4345; x_wconf 66' lang='lat' dir='ltr'>monam</span> <span class='ocrx_word' id='word_1_348' title='bbox 1005 4295 1324 4344; x_wconf 69' lang='lat' dir='ltr'>berolinensis</span> <span class='ocrx_word' id='word_1_349' title='bbox 1343 4333 1357 4357; x_wconf 87' lang='lat'>,</span> <span class='ocrx_word' id='word_1_350' title='bbox 1409 4302 1689 4342; x_wconf 68' lang='lat' dir='ltr'>nnonwn</span> <span class='ocrx_word' id='word_1_351' title='bbox 1743 4289 2079 4351; x_wconf 68' lang='lat' dir='ltr'>scapha-mnus</span> <span class='ocrx_word' id='word_1_352' title='bbox 2121 4284 2132 4353; x_wconf 95' lang='grc' dir='ltr'>Ι</span> <span class='ocrx_word' id='word_1_353' title='bbox 2173 4285 2243 4341; x_wconf 82' lang='lat'>23</span> <span class='ocrx_word' id='word_1_354' title='bbox 2278 4286 2368 4352; x_wconf 90' lang='lat' dir='ltr'>qui</span> <span class='ocrx_word' id='word_1_355' title='bbox 2401 4302 2446 4355; x_wconf 85' lang='grc' dir='ltr'><strong><em>φ</em></strong></span> <span class='ocrx_word' id='word_1_356' title='bbox 2476 4282 2485 4351; x_wconf 93' lang='grc' dir='ltr'>Ι</span> <span class='ocrx_word' id='word_1_357' title='bbox 2516 4283 2586 4337; x_wconf 84' lang='grc'>24</span> <span class='ocrx_word' id='word_1_358' title='bbox 2618 4281 2687 4336; x_wconf 82' lang='grc'>26</span> <span class='ocrx_word' id='word_1_359' title='bbox 2723 4282 2808 4338; x_wconf 85' lang='lat' dir='ltr'>ni·-</span> 
     </span>
    </p>
   </div>
   <div class='ocr_carea' id='block_1_5' title="bbox 577 4372 2145 4449">
    <p class='ocr_par' dir='ltr' id='par_1_9' title="bbox 577 4372 2145 4449">
     <span class='ocr_line' id='line_1_38' title="bbox 577 4372 2145 4449; baseline -0.005 -17"><span class='ocrx_word' id='word_1_360' title='bbox 577 4395 743 4432; x_wconf 81' lang='lat' dir='ltr'>neuen</span> <span class='ocrx_word' id='word_1_361' title='bbox 776 4398 870 4449; x_wconf 85' lang='grc' dir='ltr'>μφ</span> <span class='ocrx_word' id='word_1_362' title='bbox 930 4376 940 4448; x_wconf 96' lang='grc' dir='ltr'>Ι</span> <span class='ocrx_word' id='word_1_363' title='bbox 999 4377 1070 4433; x_wconf 81' lang='grc'>28</span> <span class='ocrx_word' id='word_1_364' title='bbox 1105 4379 1325 4431; x_wconf 78' lang='lat' dir='ltr'>nineuen</span> <span class='ocrx_word' id='word_1_365' title='bbox 1359 4396 1404 4447; x_wconf 89' lang='grc' dir='ltr'><strong>φ</strong></span> <span class='ocrx_word' id='word_1_366' title='bbox 1452 4376 1462 4443; x_wconf 95' lang='grc' dir='ltr'>Ι</span> <span class='ocrx_word' id='word_1_367' title='bbox 1509 4375 1578 4429; x_wconf 89' lang='grc'>31</span> <span class='ocrx_word' id='word_1_368' title='bbox 1615 4378 1702 4425; x_wconf 72' lang='lat' dir='ltr'>hoo</span> <span class='ocrx_word' id='word_1_369' title='bbox 1737 4378 1838 4426; x_wconf 78' lang='lat' dir='ltr'>loco</span> <span class='ocrx_word' id='word_1_370' title='bbox 1874 4372 2061 4426; x_wconf 77' lang='lat' dir='ltr'>laabim</span> <span class='ocrx_word' id='word_1_371' title='bbox 2100 4390 2145 4445; x_wconf 88' lang='grc' dir='ltr'><em>φ</em></span> 
     </span>
    </p>
   </div>
  </div>
 </body>
</html>
