3169 4941
553 401 626 449 tv

640 564 687 642 β
730 527 1140 625 berolinensis
1212 559 1426 644 regius
1496 558 1889 644 theologicus
1956 559 2193 625 latinus
2254 560 2562 643 oblongus
2626 564 2775 636 353,

731 680 966 745 saeculi
1011 680 1164 758 XII,
1211 682 1398 746 antea
1439 682 1804 746 sanctorum
1848 680 2111 745 Oosmae
2152 682 2217 745 et
2258 679 2559 746 Damiani
2601 698 2775 744 mar-

727 803 944 885 tyrum
982 800 1052 865 in
1095 801 1378 867 Lisbern.
1469 800 1867 867 continentur
1912 818 2016 865 eo:

553 937 861 1005 Jeronimi
903 938 1315 1019 Quaestiones
1361 937 1629 1017 in,1ibro
1674 956 1975 1023 geneseos
2025 937 2116 1001 1¹³.

901 1058 1274 1145 Explanatio
1316 1059 1394 1124 de
1438 1058 1657 1125 decem
1692 1058 2213 1142 temptationibus
2260 1062 2337 1121 21
2358 1064 2397 1120 ·.

901 1182 1067 1245 Item
1096 1180 1414 1246 succincta
1458 1180 1970 1255 commemoratio
2016 1199 2053 1244 x
2095 1177 2586 1263 temptationum
2630 1183 2711 1240 22
2727 1174 2773 1239 ¹³.

900 1301 1271 1385 Explanatio
1315 1301 1382 1365 in
1431 1302 1677 1367 cantico
1725 1299 2033 1366 debborae
2079 1302 2145 1366 et
2189 1300 2423 1365 barach
2468 1304 2549 1361 22
2564 1297 2609 1361 b.

904 1421 1278 1502 Questiones
1317 1422 1393 1487 de
1439 1421 1619 1489 libris
1664 1422 2005 1487 malachim
2045 1422 2112 1485 id
2156 1423 2254 1486 est
2293 1440 2518 1505 regum
2564 1424 2646 1483 25
2664 1426 2705 1482 ⁸.

903 1541 1276 1622 Questiones
1315 1543 1382 1607 in
1430 1541 1818 1608 dabreiamin
1867 1542 1985 1606 39³
2030 1546 2112 1605 47
2130 1541 2175 1605 ¹’.

902 1663 1318 1744 Quaestiones
1361 1663 1428 1728 in
1461 1663 1755 1759 abbacuc
1792 1663 2163 1746 prophetam
2208 1666 2289 1726 52
2307 1662 2352 1725 ¹³.

902 1782 1167 1849 Cronica
1209 1785 1526 1849 succincte
1559 1784 1795 1868 scripta
1830 1784 1907 1849 de
1938 1802 2133 1867 regno
2174 1783 2587 1849 hebraeorum
2625 1786 2707 1846 53
2724 1781 2772 1846 b.

899 1904 1192 1969 Proemia
1235 1904 1301 1969 in
1340 1903 1520 1968 libris
1579 1904 1730 1969 noui
1772 1902 2136 1969 testamenti
2182 1908 2265 1968 54
2280 1910 2321 1968 ⁸.

903 2023 1297 2090 Prefationes
1336 2026 1403 2089 in
1448 2025 1629 2091 libris
1674 2024 1823 2090 noui
1867 2025 2235 2090 testamenti
2281 2029 2363 2089 58
2380 2028 2423 2087 ⁸.

900 2145 1087 2211 Liber
1107 2146 1176 2210 in
1195 2145 1819 2237 interpretationibus
1840 2145 2274 2211 hebraicorum
2298 2144 2625 2210 nominum
2640 2143 2771 2209 59¹⁵.

901 2264 1089 2330 Liber
1133 2266 1210 2331 de
1250 2266 1406 2331 locis
1453 2272 1537 2331 84
1551 2263 1597 2330 ¹³.

648 2401 860 2467 Bedae
905 2401 1102 2488 Super
1163 2405 1344 2469 actus
1403 2404 1831 2488 apostolorum
1896 2402 1971 2467 de
2032 2401 2387 2467 nominibus
2443 2400 2773 2488 regionum

903 2527 1093 2609 atque
1133 2525 1418 2591 locorum
1464 2532 1590 2590 103
1606 2521 1650 2590 b.

641 2660 867 2726 Isidori
902 2661 1092 2728 Liber
1125 2661 1200 2728 de
1232 2665 1374 2728 ortu
1405 2664 1544 2728 uita
1571 2663 1677 2727 uel
1708 2663 1884 2728 obitu
1916 2663 2278 2727 sanctorum
2304 2664 2559 2744 patrum
2593 2667 2713 2724 106
2730 2669 2771 2724 ⁸.

899 2782 1241 2847 Defloratio
1275 2782 1555 2848 eiusdem
1583 2785 1650 2847 in
1682 2783 2199 2847 nominatissimis
2230 2782 2587 2848 nominibus
2610 2781 2771 2865 legis

901 2904 966 2967 et
1009 2903 1481 2986 euangeliorum
1519 2903 1601 2968 ad
1646 2903 1920 2968 orosium
1969 2899 2156 2967 113¹&

551 3058 678 3104 non
720 3041 1105 3105 memoratus
1149 3039 1216 3103 in
1256 3040 1376 3105 hoc
1409 3039 1615 3104 indice
1660 3039 1912 3106 libellus
1930 3039 2301 3124 Hieronymi
2341 3040 2416 3105 de
2460 3041 2770 3106 hebraicis

549 3159 752 3225 literis
797 3159 946 3224 folio
975 3159 1122 3224 59⁸⁶
1167 3160 1598 3226 inueniendus
1658 3162 2078 3246 subscriptum
2124 3161 2326 3227 codici
2377 3169 2500 3226 120
2518 3165 2561 3240 ⁸,
2606 3161 2772 3246 quod

551 3293 654 3344 me
698 3279 857 3344 meis
901 3279 1080 3368 libris
1130 3280 1387 3346 tandem
1436 3282 1772 3365 aliquando
1832 3283 2219 3349 subscribere
2279 3301 2462 3367 posse
2516 3283 2770 3360 uellem,
2862 3307 2869 3316 ·

548 3400 700 3466 fessi
737 3401 1000 3467 uiatoris
1045 3401 1400 3485 suspirium,

897 3570 1041 3620 Haec
1082 3570 1145 3620 ad
1182 3570 1374 3635 scripta
1403 3575 1542 3634 tuos,
1587 3569 1774 3634 lector,
1816 3572 1904 3637 qui
1942 3571 2104 3622 flectis
2141 3571 2346 3634 ocelloS,

901 3671 1153 3720 Summam
1189 3671 1429 3736 scriptori
1464 3672 1690 3738 requiem
1728 3672 1941 3738 deposce
1973 3672 2206 3722 Iohanni.

632 3842 671 3904 y
723 3820 1150 3904 scaphusanus
1192 3819 1518 3902 (ecclesiae
1563 3820 1646 3886 ad
1690 3824 1981 3886 sanctum
2009 3823 2378 3906 Iohannem)
2432 3829 2510 3886 13
2545 3823 2767 3888 oblon-

721 3959 855 4026 gus.
987 3959 1134 4023 pars
1201 3941 1514 4023 antiquior
1543 3933 1546 3938 ’
1580 3942 1830 4008 saeculo
1900 3940 2266 4008 duodecimo
2340 3944 2584 4010 ineunti
2654 3945 2767 4010 ad-

723 4061 1033 4146 signanda
1070 4060 1357 4139 uidetur,
1414 4061 1625 4128 media
1666 4064 1869 4129 multo
1912 4062 2025 4128 illa
2067 4064 2379 4129 recentior
2415 4067 2543 4143 est,
2591 4065 2767 4130 cuius

719 4181 1086 4247 recentioris
1117 4201 1334 4247 curam
1377 4201 1505 4248 non
1546 4184 1756 4250 habui.
1824 4184 1969 4250 uide
2000 4184 2223 4250 Karoli
2252 4186 2489 4252 Halmii
2533 4187 2767 4253 librum

715 4301 1124 4370 utilissimum
1163 4304 1582 4372 verzeichniss
1624 4303 1734 4371 der
1774 4305 2019 4372 alt-eren
2060 4306 2534 4374 handschriften
2579 4308 2766 4376 latei-
