3169 4941
1356 435 1581 494 Genesis
1620 441 1673 494 1.
2585 435 2623 492 8

331 619 359 666 1
396 600 509 688 τῆς
538 596 761 678 νυκτὸς
788 597 899 665 καὶ
926 595 1327 688 ὅιαχωρίζειν
1363 590 1488 665 ἇνὰ
1513 597 1716 684 μέσον
1747 603 1864 666 τοῦ
1891 597 2113 686 φωτὸς
2139 595 2250 664 καὶ
2279 590 2400 665 ἆνὰ
2425 595 2625 683 μέσον

394 709 509 769 τοῦ
540 701 828 781 σκότους.
890 701 1001 768 καὶ
1031 695 1200 770 εἶδεν
1232 700 1269 770 5
1299 703 1464 782 θεὸς
1494 701 1596 770 ὅτι
1625 701 1836 770 καλόν.
1893 706 1951 746 ¹⁹
1964 701 2072 769 καὶ
2097 699 2346 788 ἐγένετο
2369 697 2622 790 ἑσπέρα

395 805 503 872 καὶ
527 801 775 892 ἐγένετο
799 805 977 895 πρωὶ
1006 802 1213 896 ἡμέρα
1228 805 1513 896 τετάρτη.
1571 806 1757 874 ὀκαὶ
1787 799 1974 872 εἶπεν
1998 804 2036 874 5
2053 804 2217 884 θεὸς
2226 797 2623 892 Ἐξαγαγέτω

394 909 479 976 τὰ
524 906 727 976 ὕδατα
768 905 1013 998 ἑρπετὰ
1042 914 1268 999 ψυχῶν
1297 911 1517 993 ζωσῶν
1549 910 1663 978 καὶ
1692 909 1958 978 πετεινὰ
1998 908 2328 994 πετόμενα
2357 906 2477 976 ἐπὶ
2506 916 2622 998 τῆς

329 1039 361 1084 ῡ
395 1021 513 1102 γῆς
551 1013 717 1080 κατὰ
760 1013 840 1082 τὸ
882 1011 1214 1102 στερέωμα
1256 1019 1370 1082 τοῦ
1404 1011 1686 1104 οὐρανοῦ.
1731 1013 1842 1080 καὶ
1875 1012 2126 1100 ἐγένετο
2161 1010 2382 1092 οὕτως.
2435 1015 2496 1056 ²¹
2509 1011 2622 1080 καὶ

399 1113 708 1206 ἐποίησεν
753 1115 790 1187 5
835 1118 1001 1197 θεὸς
1042 1117 1127 1184 τὰ
1173 1113 1331 1208 κήτη
1365 1117 1451 1186 τὰ
1489 1118 1738 1206 μεγάλα
1780 1118 1893 1185 καὶ
1941 1121 2164 1184 πᾶσαν
2200 1117 2410 1206 ψιαὴν
2450 1114 2654 1199 ζώων

400 1215 687 1309 ἑρπετῶν
700 1273 717 1304 ,
774 1214 819 1286 ἃ
882 1220 1143 1311 ἐξήγαγε
1200 1221 1284 1288 τὰ
1338 1221 1543 1290 ὕδατα
1600 1220 1768 1290 κατὰ
1823 1219 1972 1311 γένη
2032 1217 2239 1288 αὐτῶν
2253 1273 2270 1304 ,
2331 1219 2446 1287 καὶ
2487 1224 2624 1286 πᾶν

400 1323 697 1390 πετεινόν
753 1325 1088 1415 πτερωτὸν
1144 1325 1309 1392 κατὰ
1367 1324 1568 1413 γένος.
1630 1325 1742 1393 καὶ
1800 1319 1966 1405 εἶδεν
2011 1322 2048 1393 5
2089 1324 2254 1404 θεὸς
2295 1321 2396 1392 ὅτι
2443 1318 2626 1392 καλά.

409 1427 591 1494 2’καὶ
640 1424 977 1517 εὐλόγησεν
1032 1422 1195 1498 αὐτὰ
1243 1426 1280 1497 5
1324 1429 1487 1510 θεὸς
1528 1429 1727 1518 λέγων
1768 1422 2170 1511 Λῦξάνεσθε
2208 1427 2320 1496 καὶ
2364 1426 2628 1517 πληθύ-

300 1552 367 1598 10
398 1538 625 1616 νεσθε,
668 1531 781 1599 καὶ
823 1532 1207 1623 πληρώσατε
1250 1534 1333 1601 τὰ
1376 1532 1586 1603 ὕδατα
1629 1533 1695 1601 ἐν
1741 1538 1891 1613 ταῖς
1931 1529 2332 1616 θαλάσσαις,
2386 1532 2500 1600 καὶ
2541 1532 2626 1600 τὰ

401 1635 670 1704 πετεινὰ
712 1636 1290 1726 πληθυνέσθωσαν
1346 1637 1466 1705 ἐπὶ
1504 1646 1620 1728 τῆς
1658 1644 1788 1726 γῆς.
1859 1640 1918 1680 ²⁸
1931 1637 2044 1704 καὶ
2081 1635 2334 1723 ἐγένετο
2374 1631 2626 1723 ἑσπέρα

402 1738 516 1806 καὶ
553 1737 807 1826 ἐγένετο
848 1739 1027 1829 πρωὶ
1080 1738 1285 1832 ἡμέρα
1336 1741 1630 1831 πέμπτη.
1700 1739 1885 1809 unat
1934 1734 2122 1808 εἶπεν
2175 1736 2212 1807 5
2248 1737 2412 1820 θεὸς
2447 1736 2628 1820 Ἔξα-

401 1842 649 1930 γαγὲτω
688 1841 727 1932 ἡ
769 1849 848 1934 γῆ
887 1843 1093 1934 ψυχὴν
1132 1845 1344 1926 ζῶσαν
1374 1845 1540 1912 κατὰ
1570 1844 1757 1932 γένος
1772 1897 1788 1928 ,
1830 1841 2203 1934 τετράποδα
2231 1842 2345 1910 καὶ
2384 1838 2628 1933 ἑρπετὰ

402 1945 514 2014 καὶ
544 1944 750 2072 θηρία
778 1951 892 2037 τῆς
929 1953 1045 2038 γῆς
1075 1974 1240 2016 κατα
1269 1948 1471 2036 γένος.
1514 1949 1628 2017 καὶ
1667 1947 1917 2036 ἐγένετο
1950 1949 2165 2028 οὕτως.
2224 1951 2284 1990 ²⁶
2295 1946 2406 2015 καὶ
2421 1943 2630 2015 ἐποί-

304 2074 369 2120 16
402 2073 550 2140 ησεν
608 2047 645 2118 ὁ
688 2050 851 2131 θεὸς
894 2051 977 2118 τὰ
1017 2050 1225 2142 θηρία
1263 2058 1379 2142 τῆς
1415 2060 1531 2142 γῆς
1568 2052 1735 2120 κατὰ
1778 2051 1958 2140 γένος
1985 2050 2099 2119 καὶ
2137 2051 2220 2118 τὰ
2247 2050 2438 2141 κτήνη
2465 2049 2630 2118 κατὰ

401 2155 581 2241 γένος
624 2155 829 2222 αὐτῶν
886 2154 995 2222 καὶ
1033 2150 1251 2222 πάντα
1300 2156 1383 2222 τὰ
1430 2152 1676 2245 ἑρπετὰ
1715 2162 1832 2245 τῆς
1884 2161 2001 2244 γῆς
2044 2154 2210 2222 κατὰ
2247 2153 2451 2241 γένος.
2519 2152 2630 2221 καὶ
2667 2173 2678 2184 ·

402 2251 571 2324 εἶδεν
623 2254 660 2325 5
717 2259 880 2338 θεὸς
929 2257 1032 2326 ὅτι
1074 2258 1265 2327 καλά.
1334 2258 1519 2326 Μκαὶ
1568 2252 1754 2326 εἶπεν
1805 2255 1842 2326 5
1883 2257 2053 2384 θεὸςΙ
2083 2255 2474 2346 Ποιήσωμεν
2512 2253 2631 2323 α’ν-

404 2366 684 2449 θρωπον
726 2361 863 2428 κατ’
905 2357 1126 2430 εἰκόνα
1178 2359 1486 2452 ημετέραν
1536 2361 1648 2428 καὶ
1704 2363 1860 2429 καθ’
1901 2357 2243 2445 ὁμοίωσιν,
2290 2357 2404 2426 καὶ
2443 2357 2633 2448 ἀρχέ-

403 2489 620 2534 τωσαν
684 2474 815 2533 τῶν
884 2461 1127 2549 ἰχθύων
1196 2474 1315 2557 τῆς
1380 2465 1727 2556 θαλάσσης
1795 2463 1909 2534 καὶ
1965 2472 2094 2531 τῶν
2150 2465 2466 2531 πετεινῶν
2517 2472 2634 2531 τοῦ

298 2592 368 2639 20
404 2564 674 2659 οὐρανοῦ
714 2570 824 2637 καὶ
864 2574 993 2637 τῶν
1035 2575 1268 2661 κτηνῶν
1308 2596 1417 2638 και
1462 2567 1682 2659 πάσης
1718 2573 1833 2659 τῆς
1884 2573 1997 2659 γῆς
2039 2566 2153 2635 καὶ
2198 2565 2468 2634 πάντων
2496 2572 2629 2634 τῶν

540 2721 577 2775 2
616 2722 739 2775 ιδεν
772 2722 872 2775 AD
914 2721 1131 2791 [Grabe]
1177 2722 1253 2777 Ez
1306 2722 1315 2793 Ι
1365 2721 1486 2793 3117
1520 2724 1790 2777 commata
1825 2720 2057 2777 20—25
2105 2729 2173 2780 >
2210 2720 2260 2774 D
2309 2720 2452 2774 testo
2490 2716 2627 2775 Gra-

401 2806 489 2863 bio
522 2806 531 2879 Ι
560 2808 597 2862 4
634 2826 923 2877 πετωμενα
959 2824 1041 2863 mr
1090 2809 1100 2877 Ι
1154 2810 1188 2863 6
1227 2828 1361 2875 κητα
1397 2825 1430 2863 z
1473 2807 1482 2878 Ι
1528 2810 1563 2864 6
1602 2810 1758 2870 ζωων
1796 2808 2052 2871 Eabcrtz,
2114 2808 2293 2868 ζωσαν
2327 2822 2418 2860 m.
2442 2805 2493 2859 A
2531 2805 2632 2861 hoo

402 2895 518 2949 loco
554 2894 698 2949 lacer
732 2894 863 2964 quid
901 2894 1180 2959 habuerit,
1232 2910 1339 2950 non
1372 2894 1547 2963 liquet
1600 2896 1609 2963 Ι
1665 2897 1695 2950 7
1735 2916 1770 2948 α
1807 2897 1866 2949 et
1897 2894 2170 2962 uirgulam
2203 2892 2328 2947 huic
2361 2893 2628 2961 praemin-

405 2998 521 3035 sam
556 2991 624 3041 >
660 2984 741 3035 mt
794 2982 803 3052 Ι
856 2983 887 3035 7
939 2984 1205 3052 εξηγαγεν
1252 2981 1344 3035 Er.
1393 2980 1443 3035 A
1488 2979 1592 3035 hoo
1638 2981 1755 3037 loco
1802 2981 1949 3035 laoer
1996 2980 2128 3049 quid
2176 2978 2428 3033 habuerit
2442 3018 2456 3044 ,
2522 2994 2632 3034 non

403 3068 577 3137 liquet
606 3070 615 3136 Ι
649 3068 679 3121 7
716 3086 848 3138 γενη
886 3067 1088 3122 Eaborz
1103 3107 1116 3131 ,
1154 3086 1317 3138 γενος
1347 3069 1430 3120 mt
1448 3106 1462 3120 .
1502 3067 1552 3121 A
1593 3068 1694 3123 hoe
1732 3068 1847 3122 loco
1883 3067 2028 3122 lacer
2063 3065 2193 3137 quid
2213 3065 2488 3130 habuerit,
2524 3081 2632 3121 non

403 3152 577 3222 liquet
618 3154 627 3223 Ι
669 3155 700 3207 7
738 3173 833 3207 και
860 3193 874 3207 .
904 3194 919 3209 .
948 3194 962 3208 .
999 3154 1035 3208 8
1071 3172 1236 3224 γενος
1268 3164 1335 3215 >
1374 3170 1405 3208 z
1435 3153 1445 3223 Ι
1482 3153 1518 3207 8
1554 3173 1694 3207 κατα
1729 3154 2008 3219 Eabcmrt,
2054 3156 2150 3207 καὶ
2184 3157 2268 3206 πᾶ
2302 3152 2352 3207 A
2394 3150 2470 3221 18
2503 3152 2632 3207 ufer

406 3238 497 3294 ΑΕ
529 3240 537 3310 Ι
568 3239 602 3292 9
640 3242 951 3309 ηυλογησεν
984 3238 1077 3295 ΑΕ
1109 3239 1117 3309 Ι
1150 3240 1185 3295 9
1208 3259 1238 3293 ο
1257 3246 1394 3301 θεος
1418 3249 1486 3299 >
1509 3256 1541 3294 z
1572 3242 1581 3305 Ι
1611 3240 1646 3295 9
1673 3244 2013 3303 αυξανεσθαι
2031 3238 2111 3294 Az
2141 3240 2151 3305 Ι
2196 3240 2262 3295 10
2292 3240 2420 3308 post
2453 3238 2632 3291 υδατα

408 3328 473 3395 -Ι-
498 3346 566 3380 τα
602 3328 683 3380 mt
730 3326 739 3395 Ι
772 3326 838 3378 11
875 3329 1249 3393 πληθυνεσθω
1287 3328 1425 3381 mrtz
1455 3328 1465 3397 Ι
1507 3327 1574 3383 14
1609 3346 1702 3380 και
1735 3332 1908 3403 θηρια
1944 3336 2012 3387 >
2047 3326 2092 3380 Ε
2124 3325 2132 3395 Ι
2167 3326 2236 3381 14
2270 3345 2364 3379 και
2399 3324 2634 3393 primum

406 3425 473 3475 >
500 3432 529 3469 ι·
571 3415 579 3485 Ι
625 3414 694 3468 14
725 3416 851 3483 post
874 3416 1058 3485 γης-Ι-
1078 3434 1171 3468 και
1204 3435 1272 3469 τα
1298 3434 1461 3483 κτηνη
1496 3435 1590 3469 και
1629 3432 1815 3469 παντα
1848 3433 1916 3468 τα
1957 3432 2162 3488 ερπετα
2200 3432 2295 3481 της
2329 3432 2430 3483 γης
2479 3429 2564 3467 crz
2619 3414 2628 3483 Ι

409 3503 477 3557 14
506 3503 631 3569 post
660 3519 819 3572 γενος
856 3502 922 3569 -Ι-
960 3520 1145 3555 αυτων
1184 3518 1239 3565 e,
1288 3521 1383 3555 και
1421 3520 1605 3555 παντα
1640 3521 1708 3555 τα
1750 3518 1949 3576 ερπετα
1995 3519 2087 3567 της
2125 3519 2229 3570 γης
2275 3516 2414 3553 κατα
2467 3516 2632 3569 γενος

410 3590 475 3656 -Ι-
526 3604 611 3652 m,
662 3588 728 3655 -Ι-
764 3606 859 3640 και
897 3607 965 3640 τα
1014 3606 1183 3655 κτηνη
1233 3606 1373 3641 κατα
1422 3605 1586 3658 γενος
1646 3608 1740 3642 και
1773 3598 1972 3641 wama
2022 3605 2090 3640 τοι
2139 3603 2342 3659 ερπετα
2394 3603 2489 3652 της
2530 3603 2635 3655 γης

408 3694 547 3729 κατα
580 3692 743 3745 γενος
778 3676 861 3738 tz,
899 3674 1007 3729 nisi
1038 3673 1182 3743 quod
1220 3692 1247 3727 z
1282 3688 1391 3728 non
1428 3673 1593 3728 habet
1627 3693 1766 3727 κατα
1807 3692 1969 3744 γενος
2001 3674 2128 3741 post
2163 3690 2328 3739 κτηνη
2361 3680 2371 3740 Ι
2436 3671 2504 3727 15
2541 3690 2638 3739 της

409 3781 512 3831 γης
542 3770 610 3820 >
655 3763 739 3814 mt
780 3762 789 3827 Ι
853 3760 919 3815 15
954 3762 1081 3829 post
1112 3779 1275 3830 γενος
1310 3762 1377 3829 -Ι-
1414 3780 1596 3815 autent
1629 3779 1658 3814 z
1703 3763 1713 3827 Ι
1764 3760 1919 3829 15116
1940 3780 2034 3814 και
2066 3760 2132 3814 15
2167 3774 2338 3829 usque
2371 3758 2444 3813 ad
2472 3776 2638 3828 γενος

409 3848 640 3905 alterum
679 3849 867 3907 16>z
898 3849 907 3915 Ι
941 3848 1097 3911 15116
1134 3866 1228 3900 και
1266 3867 1332 3900 τα
1370 3866 1533 3915 κτηνη
1565 3867 1706 3901 κατα
1730 3865 1890 3918 γενος
1913 3846 2244 3906 αυτων>Ε
2275 3848 2284 3915 Ι
2317 3844 2473 3915 15116
2494 3862 2634 3897 κατα

409 3952 568 4005 γενος
604 3952 788 3989 αυτων
811 3943 878 3994 >
905 3949 933 3987 c
964 3934 973 4003 Ι
1008 3934 1073 3987 16
1110 3932 1475 3992 αυτων>ΑῙ
1516 3936 1526 3998 Ι
1582 3934 1650 3988 16
1683 3952 1779 3986 και
1815 3950 1998 3987 narra
2033 3952 2103 3986 τα
2149 3949 2356 4003 ερπετα
2393 3948 2487 3995 της
2529 3946 2636 3998 γης

411 4040 548 4074 κατα
587 4038 747 4090 γενος
779 4030 846 4081 >
872 4022 955 4074 mt
1022 4021 1029 4090 Ι
1096 4021 1161 4074 16
1196 4021 1323 4089 post
1357 4037 1521 4089 γενος
1567 4019 1800 4074 alterum
1821 4021 1886 4087 -Ι-
1909 4038 2094 4073 αυτων
2127 4017 2278 4073 AEcr
2329 4023 2339 4079 1
2408 4016 2474 4069 17
2513 4013 2635 4067 ιδεν

411 4106 533 4161 AEz
586 4108 595 4175 Ι
656 4106 814 4166 17118
856 4105 1023 4162 uerba
1063 4106 1207 4160 inter
1256 4120 1586 4177 ποιησωμεν
1619 4106 1685 4159 17
1724 4107 1782 4159 et
1815 4119 2095 4176 ομοιωσιν
2143 4104 2212 4157 18
2247 4101 2426 4156 media
2461 4099 2638 4154 sexies

412 4192 615 4261 scripta
648 4193 707 4246 in
738 4209 794 4247 m
834 4194 843 4263 Ι
885 4193 951 4247 19
996 4212 1091 4246 και
1126 4210 1238 4246 των
1282 4207 1553 4244 πετεινων
1600 4210 1702 4244 του
1735 4190 1785 4244 Α
1832 4190 1892 4243 in
1937 4204 2126 4243 rasura
2171 4187 2376 4258 uiginti
2407 4187 2638 4240 duarum

410 4278 691 4335 literarum
728 4279 941 4348 capaci:
980 4294 1041 4335 00
1076 4280 1259 4333 tamen
1292 4278 1434 4341 1000,
1474 4291 1579 4346 quo
1620 4290 1763 4329 nune
1803 4273 2013 4344 syllaba.
2035 4292 2148 4327 νων
2167 4275 2397 4343 legitur,
2437 4273 2640 4328 corium

412 4365 676 4419 intactum
722 4365 938 4421 uidetur
989 4366 996 4435 Ι
1069 4365 1139 4419 20
1175 4385 1313 4439 ουρα
1349 4364 1497 4419 uocis
1545 4381 1786 4436 ουρανου
1833 4361 1894 4415 in
1937 4375 2128 4415 rasura
2163 4360 2208 4415 A
2228 4400 2241 4425 ,
2301 4362 2430 4429 post
2475 4374 2638 4430 quam

412 4448 595 4507 decem
638 4452 831 4507 literae
877 4450 1111 4507 radendo
1164 4450 1400 4507 deletae:
1467 4468 1574 4505 νου
1626 4449 1802 4518 prima
1848 4462 2018 4503 manu
2067 4446 2128 4502 in
2171 4446 2316 4503 corio
2369 4447 2574 4502 intanto
2633 4446 2640 4515 Ι

2110 4534 2200 4600 1*
