3169 4941
569 389 671 444 132
1391 383 1396 386 ’
1493 387 1718 443 Genesis
1754 389 1842 444 32.
1856 450 1870 460 ,

567 553 841 643 δευτέρῳ
883 549 998 618 καὶ
1045 557 1138 638 τῷ
1183 547 1382 637 τρίτῳ
1421 549 1533 616 καὶ
1579 557 1751 617 πᾶσι
1780 555 1922 630 τοῖς
1950 548 2541 639 προπορευομένοις
2571 547 2791 619 ὀπίσω

564 663 694 726 τῶν
739 653 1064 742 ποιμνίων
1115 649 1357 721 τούτων
1400 652 1598 739 λέγων
1643 654 1837 720 Κατὰ
1896 653 1972 722 τὸ
2031 660 2202 744 ῥῆμα
2239 662 2431 722 τοῦτο
2474 654 2793 745 λαλήσατε

561 757 766 831 Ἠσαῦ
813 759 881 828 ἐν
923 766 1017 847 τῷ
1062 756 1270 846 εὑρεῖν
1317 754 1478 842 ὑμᾶς
1520 749 1711 824 αὐτόν
1723 811 1739 841 ,
1826 761 1886 800 ²⁰
1914 758 2026 825 καὶ
2083 757 2290 846 ἐρεῖτε
2327 755 2500 826 Ἰδοὺ
2546 755 2581 827 ὃ
2627 764 2793 839 παῖς

566 892 684 936 σου
723 858 962 949 Ἰακὼβ
1005 860 1432 951 παραγίνεται
1475 859 1700 929 ὀπίσω
1742 858 1951 951 ἡμῶν·
2013 855 2164 928 εἷπε
2218 861 2338 950 γὰρ
2379 856 2792 948 Ἐξιλάσομαι

563 972 639 1039 τὸ
703 969 1062 1058 πρόσωπον
1125 963 1319 1033 αὐτοῦ
1363 965 1428 1033 ἐν
1489 970 1631 1045 τοῖς
1690 961 1928 1090 δώροις
1993 970 2134 1045 τοῖς
2195 967 2791 1095 προπορευομένοις

564 1068 759 1142 αὐτοῦ
779 1127 794 1156 ,
853 1071 961 1138 καὶ
1009 1070 1173 1155 μετὰ
1238 1077 1428 1136 τοῦτο
1471 1066 1728 1158 όψομαι
1785 1068 1862 1136 τὸ
1921 1064 2283 1156 πρόσωπον
2329 1062 2557 1138 αὐτοῦ·
2632 1067 2791 1147 ἴσως

561 1179 680 1268 γὰρ
725 1175 1156 1266 προσδέξεται
1194 1174 1272 1241 τὸ
1316 1168 1682 1263 πρόσωπόν
1721 1197 1863 1257 μου.
1961 1177 2021 1214 ²¹
2037 1172 2147 1239 καὶ
2186 1174 2668 1264 προεπορεύετο
2710 1173 2793 1240 τὰ

563 1285 740 1370 δῶρα
788 1279 954 1348 κατὰ
995 1274 1359 1368 πρόσωπον
1402 1275 1626 1345 αὐτοῦ·
1696 1273 1889 1355 αύτὸς
1935 1276 2008 1344 δὲ
2059 1272 2385 1367 ἐκοιμήθη
2442 1279 2555 1372 τῂν
2590 1279 2789 1345 νύκτα

563 1383 807 1475 ἐκείνην
860 1384 928 1451 ἐν
985 1389 1064 1472 τῇ
1106 1383 1504 1470 παρεμβολῇ.
1604 1373 1963 1460 Μὀῗναστόες
2021 1380 2095 1448 δὲ
2136 1380 2249 1470 τὴν
2306 1377 2502 1461 νύκτα
2548 1381 2789 1470 ἐκείνην

562 1489 757 1576 ἔλαβε
797 1488 915 1568 τὰς
957 1486 1070 1554 δύο
1107 1491 1408 1572 γυναῖκας
1443 1484 1553 1552 καὶ
1593 1484 1711 1565 τὰς
1756 1480 1868 1552 δύο
1914 1482 2272 1565 παιδίσκας
2308 1485 2530 1553 καὶτὰ
2562 1486 2788 1554 ἕνδεκα

563 1592 804 1661 παιδία
850 1587 1080 1674 αὐτοῦ,
1158 1588 1271 1658 καὶ
1322 1587 1509 1678 διέβη
1560 1589 1675 1679 τὴν
1737 1584 2044 1674 διάβασιν
2092 1595 2208 1656 τοῦ
2247 1582 2502 1675 Ἰαβώχ.
2601 1594 2659 1633 ²¹⁹³
2677 1590 2790 1657 καὶ

564 1697 791 1783 ἐλαβεν
837 1689 1065 1774 αὐτοὺς
1093 1693 1205 1762 καὶ
1237 1692 1566 1783 διέβητὸν
1600 1689 1979 1782 χειμάρρουν
1995 1746 2012 1776 ,
2055 1693 2166 1760 καὶ
2205 1691 2539 1780 διεβίβασε
2570 1691 2790 1762 πάντα

561 1803 643 1870 τὰ
683 1798 891 1872 αὐτοῦ.
986 1795 1429 1886 Μὕπελείφθη
1490 1795 1563 1864 δὲ
1600 1790 1845 1882 Ἰακώβ
1884 1795 2107 1880 μόνος,
2170 1797 2283 1864 καὶ
2320 1795 2629 1866 ἐπάλαιεν
2673 1795 2788 1866 άν-

561 1913 844 1995 θρωπος
905 1899 1040 1989 μετ’
1107 1895 1301 1969 αὗτοῢ
1363 1900 1484 1980 ἕως
1556 1897 1753 1988 πρωί.
1853 1903 1913 1942 ²⁵
1930 1893 2062 1967 εἶδε
2118 1900 2192 1968 δὲ
2248 1900 2349 1968 ὅτι
2406 1899 2481 1969 οὗ
2525 1898 2788 1972 δύναται

562 2010 731 2098 πρὸς
777 2000 1002 2090 αύτόν,
1068 2005 1180 2073 καὶ
1221 2003 1444 2096 ἥψατο
1489 2009 1605 2071 τοῦ
1646 2000 1938 2083 πλάτους
1974 2012 2091 2072 τοῦ
2125 2011 2326 2094 μηροῦ
2369 1998 2593 2089 αὐτοῦ,
2673 2008 2787 2075 καὶ

561 2108 870 2202 ἐνάρκησε
911 2110 989 2177 τὸ
1033 2105 1289 2189 πλάτος
1326 2111 1444 2176 τοῦ
1485 2113 1688 2197 μηροῦ
1728 2100 1969 2193 Ἰακώβ
2009 2107 2077 2175 ἐν
2120 2113 2214 2196 τῷ
2254 2106 2558 2177 παλαίειν
2592 2110 2788 2180 αὐτὸν

559 2331 841 2404 sequentia
873 2347 1042 2402 usque
1079 2329 1150 2386 ad
1187 2349 1303 2388 τοις
1341 2330 1468 2393 132,
1498 2331 1528 2385 1
1566 2328 1743 2383 tribus
1780 2327 1949 2382 obelis
1986 2331 2175 2383 notata
2214 2327 2301 2382 G:
2337 2335 2599 2386 corrector
2618 2373 2631 2396 ‚
2694 2333 2787 2402 qui

559 2420 741 2476 obelos
776 2419 997 2475 ultimos
1031 2416 1260 2483 deleuit,
1300 2419 1426 2487 post
1458 2435 1533 2487 τῳ
1571 2434 1775 2490 πρωτῳ
1812 2435 1905 2468 και
1932 2414 1997 2472 19
2036 2414 2249 2470 addidit
2272 2435 2314 2482 z,
2350 2418 2430 2473 ita
2452 2422 2516 2473 ut
2538 2419 2785 2474 effectum

559 2508 634 2563 sit
655 2514 770 2562 “”τω
805 2525 1001 2579 πρωτω
1037 2526 1130 2559 και
1165 2522 1179 2557 :

701 2595 734 2648 1
786 2608 962 2647 πασιν
999 2590 1050 2646 G
1113 2594 1123 2658 Ι
1187 2594 1216 2647 1
1245 2596 1293 2651 ’ἶ
1317 2606 1872 2664 προεπορευομενοις
1909 2586 1990 2653 G,
2038 2587 2133 2642 ubi
2165 2595 2193 2603 ““
2238 2590 2295 2643 et
2330 2606 2343 2641 t
2390 2590 2623 2645 alterum
2666 2608 2782 2647 001·-

557 2680 753 2735 rectori
787 2678 1050 2734 debentiu-
1081 2679 1088 2747 Ι
1120 2681 1156 2734 2
1189 2695 1488 2749 ποιμνηων
1515 2679 1572 2740 t,
1614 2693 1903 2746 ποιμενων
1938 2694 1966 2727 z
1998 2678 2007 2741 Ι
2037 2676 2073 2728 2
2096 2677 2325 2745 τουτων]
2354 2679 2604 2732 αυτωνῙ)
2625 2678 2739 2749 [GR]
2770 2680 2777 2748 Ι

559 2769 594 2823 3
627 2767 784 2821 initio
827 2769 891 2833 -Ι-
929 2786 1003 2819 τω
1026 2763 1124 2818 AG
1179 2765 1187 2834 Ι
1257 2765 1291 2818 3
1333 2778 1472 2817 σαου
1511 2760 1589 2826 Α,
1650 2762 1827 2830 prima.
1872 2778 2037 2816 manu
2083 2782 2115 2828 η
2154 2778 2314 2831 super
2368 2779 2405 2817 σ
2448 2765 2709 2835 scriptum
2769 2765 2778 2836 Ι

556 2856 591 2910 3
627 2854 770 2928 ἐρεῖν
803 2855 831 2905 t
860 2854 870 2920 Ι
899 2854 934 2907 3
971 2870 1113 2921 υμας
1150 2848 1389 2925 ευρεινΕ
1421 2847 1429 2916 Ι
1459 2850 1494 2903 3
1516 2867 1687 2901 αυτον
1722 2867 1868 2914 υμας
1902 2864 1985 2902 cm
2004 2889 2017 2913 ,
2056 2849 2152 2902 sed
2185 2848 2244 2902 in
2264 2852 2572 2905 monacensi
2606 2853 2783 2921 prima

557 2955 720 2993 manu
754 2938 929 2993 literis
966 2957 1000 2989 α
1039 2938 1094 2990 et
1130 2942 1166 3004 β
1201 2934 1451 3003 inpositis
1487 2934 1546 2987 in
1587 2933 1829 2988 ordinem
1867 2937 2112 2989 nostrum
2146 2936 2423 2990 redactum
2470 2938 2481 3007 Ι
2533 2939 2569 2991 4
2606 2945 2782 3006 ιακωβ

558 3035 627 3085 >
663 3042 690 3078 c
733 3028 743 3090 Ι
789 3024 827 3078 4
850 3028 899 3081 Τ
924 3040 1326 3095 παραγεινεται
1353 3037 1366 3071 z
1405 3019 1454 3073 G
1501 3021 1510 3090 Ι
1548 3021 1587 3075 4
1622 3027 1864 3074 οπισθεν
1900 3021 1943 3075 Ε
1976 3022 1985 3089 Ι
2023 3022 2059 3076 4
2096 3040 2253 3076 ειπεν
2286 3022 2385 3077 AD
2425 3024 2509 3093 [ut
2542 3024 2780 3094 uidetur]

555 3109 713 3164 EGt²
745 3112 754 3175 Ι
784 3110 820 3162 4
856 3110 1220 3179 εξειλασομαι
1255 3105 1355 3160 AG
1395 3106 1403 3175 Ι
1440 3105 1527 3176 516
1563 3123 1624 3158 εν
1662 3106 1695 3159 5
1731 3122 1901 3175 usque
1936 3108 2007 3162 ad
2044 3128 2209 3162 αυτου
2252 3110 2482 3164 alterum
2517 3112 2551 3164 6
2588 3120 2656 3169 >
2695 3129 2721 3163 z
2769 3111 2776 3181 Ι

557 3198 590 3250 5
623 3197 751 3265 post
785 3195 986 3264 δωροις
1021 3193 1086 3260 -Ι-
1124 3211 1336 3251 τουτοις
1371 3194 1454 3245 mt
1483 3192 1491 3261 Ι
1523 3194 1557 3247 6
1594 3212 1765 3245 αυτου
1801 3195 1951 3263 prius
1984 3205 2051 3254 >
2073 3198 2184 3249 emt
2213 3196 2221 3265 Ι
2252 3196 2341 3267 618
2376 3212 2509 3256 ισως
2538 3199 2572 3251 6
2609 3212 2781 3266 usque

555 3282 628 3338 ad
659 3300 825 3335 αυτου
861 3280 895 3333 8
930 3290 998 3340 >
1034 3279 1079 3332 Ε
1110 3281 1119 3345 Ι
1150 3280 1235 3346 617
1273 3278 1472 3343 „schol
1507 3296 1606 3333 εαν
1641 3298 1759 3339 πως
1794 3286 2088 3353 εντραπῃ“
2122 3279 2157 3334 b
2190 3283 2198 3349 Ι
2231 3282 2262 3335 7
2304 3302 2326 3335 ε
2362 3284 2593 3338 alterum
2631 3286 2780 3339 uocis

558 3367 919 3443 προσδεξεται
959 3406 991 3431 ,,
1009 3366 1212 3421 calamo
1252 3365 1498 3420 recenti“
1531 3365 1590 3418 in
1625 3380 1813 3419 rasura
1849 3366 2075 3421 duarum
2108 3368 2341 3423 triumue
2378 3370 2658 3425 literarum
2688 3386 2778 3425 ea.-

553 3455 675 3525 paci
710 3453 759 3507 A
801 3454 810 3522 Ι
856 3453 887 3506 7
924 3469 1364 3528 προεπορευοντο
1402 3452 1595 3517 Aamt‚
1632 3471 2039 3527 παρεπορευετο
2082 3453 2188 3509 Gcz
2220 3458 2229 3521 Ι
2271 3455 2306 3509 8
2340 3460 2467 3526 post
2505 3465 2777 3529 εκοιμηθη

561 3544 622 3607 -Ι-
664 3558 775 3594 εκει
809 3556 839 3594 z
870 3540 878 3608 Ι
908 3538 996 3609 ’819
1020 3558 1084 3605 τη
1102 3556 1258 3591 νυκτι
1279 3556 1458 3606 εκεινη
1483 3557 1510 3593 z
1542 3541 1551 3608 Ι
1582 3539 1618 3593 8
1636 3558 1840 3594 νυκταν
1862 3542 1890 3594 t
1919 3540 1927 3611 Ι
1959 3542 1993 3595 9
2013 3561 2078 3609 τη
2099 3560 2252 3595 vum
2271 3561 2447 3611 εκεινη
2466 3562 2494 3597 z
2524 3546 2534 3614 Ι
2567 3547 2635 3601 10
2654 3546 2778 3598 ελα-

553 3633 654 3694 βεν
677 3623 882 3680 AEth
913 3629 922 3691 Ι
955 3625 1023 3681 10
1062 3632 1124 3683 ῒᾶ
1157 3628 1235 3684 Gz
1274 3631 1283 3696 Ι
1335 3631 1401 3685 11
1439 3632 1607 3684 παιδι
1644 3631 1688 3685 Ε
1719 3631 1728 3700 Ι
1762 3634 1827 3687 11
1864 3640 2034 3701 ιαβοκ
2067 3632 2166 3687 ΑΙ)
2196 3634 2312 3705 [GR]
2338 3634 2467 3701 EG,
2506 3643 2689 3704 ιαβωθ
2725 3652 2776 3702 a,

555 3724 744 3791 ραβωκ
779 3718 882 3780 mt,
935 3723 1107 3784 ιακωβ
1140 3733 1236 3787 yz.
1280 3716 1340 3770 in
1374 3733 1429 3770 m
1469 3736 1794 3790 ωριγενους.
1846 3726 2036 3790 ραβωβ
2073 3720 2198 3790 [sic]
2248 3740 2499 3793 ποταμος
2534 3740 2649 3775 εστι
2685 3741 2780 3789 της

555 3810 786 3877 αραβιας
819 3822 850 3855 ο
885 3820 986 3856 νυν
1023 3806 1363 3875 καλούμενος
1397 3802 1671 3875 ιαμβύκης
1700 3804 1709 3873 Ι
1742 3804 1898 3874 11112
1932 3826 2025 3859 και
2052 3810 2245 3875 ελαβεν
2276 3828 2473 3867 aurove
2497 3829 2591 3862 και
2614 3810 2776 3875 διεβη

556 3907 655 3942 τον
689 3907 1030 3964 χειμαρρουν
1068 3896 1136 3947 >
1175 3907 1228 3954 z,
1283 3890 1377 3960 qui
1411 3890 1471 3945 in
1509 3906 1689 3945 eorum
1735 3892 1852 3946 loco
1889 3892 2093 3949 sufficit
2126 3913 2219 3947 και
2259 3914 2362 3947 του
2391 3912 2709 3969 χειμάρρου
2764 3894 2773 3962 Ι

556 3973 624 4028 12
660 3974 838 4045 διεβη]
878 3976 1197 4043 διεβιβασεν
1231 3996 1427 4035 αυτους
1458 3975 1507 4030 G
1546 3978 1553 4046 Ι
1603 3977 1671 4031 12
1696 3998 2019 4054 χιμαρρουν
2056 3977 2106 4032 G
2150 3981 2158 4047 Ι
2202 3980 2269 4033 12
2305 3981 2622 4049 διεβιβασεν
2659 3978 2777 4042 AG,

557 4060 884 4127 διεβηβασεν
916 4061 984 4125 Ε,
1025 4062 1322 4131 διεβηβασε
1356 4065 1383 4117 t
1430 4065 1440 4128 Ι
1489 4063 1554 4118 13
1592 4068 1889 4137 υπεληφθη
1928 4083 1955 4119 z
1997 4070 2006 4133 Ι
2058 4067 2215 4133 13114
2250 4065 2495 4135 „Aquila
2531 4069 2587 4121 et
2620 4065 2779 4136 Sym-

552 4145 773 4201 machus
811 4150 1054 4202 εκυλιετο
1109 4167 1247 4223 ανηρ
1282 4167 1386 4219 μετ
1424 4153 1641 4203 αυτου“
1674 4149 1710 4202 b
1774 4150 1785 4220 Ι
1858 4152 1925 4205 13
1965 4154 2195 4205 επαλεεν
2229 4150 2303 4217 G,
2367 4155 2638 4206 επαλεσεν
2672 4170 2700 4204 z
2766 4154 2774 4222 Ι

553 4232 712 4298 13114
746 4251 853 4304 μετ
890 4252 1065 4287 αυτου
1101 4241 1400 4305 ανθρωπος
1429 4234 1560 4289 Amt
1622 4237 1630 4305 Ι
1706 4236 1863 4303 13114
1902 4239 2216 4310 ανθρωπος]
2246 4242 2481 4309 αγγελος
2512 4240 2561 4293 D
2588 4238 2705 4309 [GR]
2766 4238 2775 4309 Ι

553 4314 622 4369 14
656 4316 778 4369 ιδεν
815 4316 907 4370 ΑΕ
922 4357 936 4381 ,
999 4319 1152 4373 ειδεν
1197 4318 1273 4374 Gt
1291 4325 1310 4356 ¹
1372 4322 1385 4389 Ι
1448 4323 1607 4389 15116
1646 4342 1819 4375 αυτου
1860 4343 1952 4376 και
2004 4339 2269 4397 εναρκησε
2314 4344 2377 4378 το
2432 4328 2639 4383 πλάτος
2677 4343 2778 4377 του

549 4418 732 4470 μηροῦ
765 4410 834 4461 >
863 4401 966 4457 Gm
994 4403 1201 4474 [t=b]
1234 4406 1244 4473 Ι
1277 4407 1345 4461 16
1381 4422 1686 4482 εναρκησεν
1720 4407 1876 4461 ΑΕ1;ι
1907 4409 1918 4478 Ι
1950 4410 2017 4465 16
2050 4428 2221 4485 μιρου
2256 4427 2287 4464 z

2828 564 2854 609 1

2826 983 2857 1028 5

2826 1506 2892 1550 10

2826 2025 2889 2071 15
