3169 4941
627 427 698 484 68
825 457 832 462 .

628 603 850 664 buntur
882 600 1124 679 fratre-s·
1165 601 1264 661 tui
1303 597 1408 662 uel
1447 602 1504 660 te
1547 599 1879 662 laudabunt
1906 598 2151 678 fratres
2192 603 2301 662 tui.
2406 599 2745 663 adorabunt
2800 602 2854 660 te
2887 599 2917 656 1

629 703 753 771 lilii
777 707 984 787 patris
1021 706 1127 766 tui.
1215 703 1454 765 catulus
1493 703 1682 765 leonis
1723 702 1879 765 Iuda
1896 752 1912 779 ,
1960 723 2038 765 ex
2072 707 2343 785 yermine
2368 702 2486 784 fili
2524 706 2616 764 mi
2654 723 2856 765 ascen·

629 808 790 870 clas-ti.
885 809 1274 891 procumbens
1315 810 1386 869 ut
1431 807 1524 868 leo
1567 811 1627 868 et
1669 811 1845 888 quas-i
1884 808 2119 869 catulus
2158 808 2379 870 leom‘s:
2435 809 2568 890 quis
2606 810 2857 870 suseita-

629 914 714 974 bit
769 929 931 974 eum
916 909 945 956 ‘2
1040 908 1193 974 licet
1265 908 1341 974 de
1403 907 1655 974 Chiisto
1716 907 1955 992 grande
2014 909 2389 992 mysterium
2446 910 2565 988 sit,
2638 911 2857 974 tamen

629 1013 806 1078 iuxta
859 1013 1113 1079 literam
1169 1012 1615 1095 prophetatur,
1672 1012 1838 1096 quod
1890 1031 2075 1097 reges
2140 1032 2214 1078 ex
2270 1011 2429 1078 Iuda
2490 1031 2603 1096 per
2642 1011 2856 1078 Dauid
2888 1013 2918 1069 5

631 1089 892 1200 stu-pem
934 1119 1317 1202 generentur
1357 1117 1423 1181 et
1463 1115 1629 1199 quod
1666 1115 1929 1182 adorent
1974 1135 2121 1182 eum
2164 1134 2385 1182 omnes
2421 1115 2645 1183 tribus.
2732 1135 2858 1182 non

629 1221 800 1286 enim
841 1220 931 1286 ait
973 1220 1090 1285 filii
1136 1219 1358 1286 matris
1407 1222 1588 1298 tuae,
1662 1218 1773 1286 sed
1833 1222 1961 1299 filii
1988 1225 2193 1306 patris
2234 1226 2337 1285 tui.
2440 1221 2506 1286 et
2546 1220 2715 1305 quod
2767 1221 2859 1287 ait

631 1346 710 1390 ew
755 1329 1052 1408 yet-mine,
1106 1325 1222 1406 fili
1287 1330 1408 1401 mi,
1479 1324 1546 1388 in
1608 1323 1879 1390 hebraeo
1940 1323 2135 1390 habet
2186 1327 2259 1389 de
2315 1328 2689 1410 captivitate,
2763 1326 2864 1400 fili

631 1433 723 1492 mi
737 1477 752 1507 ,
833 1430 1182 1506 ascendas-ti,
1261 1430 1337 1494 ut
1401 1427 1765 1493 ostenderet
1830 1446 1975 1494 eum
2032 1428 2317 1512 captiuos
2380 1427 2647 1513 populos
2718 1446 2856 1494 esse

635 1531 970 1599 ducturum
1015 1535 1080 1598 et
1125 1532 1321 1616 (iuxta
1359 1530 1864 1615 intellegentiam
1902 1532 2329 1616 sacrafiorem)
2386 1532 2747 1598 ascendisse
2788 1532 2856 1596 in
2889 1536 2949 1590 10

633 1635 852 1714 altum
897 1636 1214 1719 captiuam
1236 1636 1484 1702 duxisse
1509 1635 1960 1719 captiuitatem.
2012 1636 2145 1702 siue
2190 1635 2383 1719 (quod
2424 1636 2651 1702 melius
2674 1636 2856 1719 puto)

633 1740 970 1824 captiuitas
1013 1740 1370 1824 passionem
1385 1789 1400 1818 ,
1449 1758 1745 1806 ascensus
1784 1740 2307 1805 resurrectionem
2352 1740 2689 1825 significat.

807 1845 1096 1928 Alliyans
1125 1846 1204 1908 ad
1241 1849 1424 1908 uitem
1463 1846 1700 1928 pullum
1742 1863 1913 1907 cuum
1956 1850 2014 1908 et
2047 1846 2319 1924 funiculo
2359 1847 2593 1929 pullum
2633 1849 2861 1908 asinae.

631 1950 698 2014 in
755 1949 1026 2015 hebraeo
1083 1948 1176 2014 ita
1227 1948 1420 2015 habet
1477 1951 1741 2032 alliyans
1784 1950 1863 2012 ad
1920 1953 2102 2012 uitem
2151 1951 2393 2033 pullum
2450 1969 2623 2011 suum
2683 1955 2744 2013 et
2796 1953 2862 2012 in

632 2075 817 2130 soree,
841 2054 957 2134 fili
989 2057 1094 2130 mi,
1133 2058 1366 2116 aemam
1407 2073 1605 2117 suam:
1644 2051 1809 2136 quod
1852 2052 2150 2119 uidelicet
2190 2053 2437 2137 pullum
2474 2053 2707 2130 asinae,
2754 2051 2857 2117 cui
2890 2055 2951 2110 15

635 2156 984 2241 supersedit
1031 2157 1205 2221 Iesus
1226 2205 1242 2234 ,
1301 2157 1421 2221 hoc
1483 2158 1581 2221 est
1640 2155 1978 2240 gentilium
2034 2156 2368 2240 populum,
2423 2158 2645 2221 uineae
2702 2174 2860 2241 apo·-

635 2260 970 2338 stolorum‚
1032 2260 1139 2344 qui
1181 2278 1255 2324 ex
1311 2259 1562 2326 Iudaeis
1612 2261 1788 2338 sunt,
1854 2261 2245 2345 copulauerit
2290 2263 2354 2326 et
2400 2259 2480 2340 ad
2528 2278 2707 2326 sorec
2724 2310 2742 2338 ‚
2796 2260 2861 2324 id

636 2366 736 2430 est
771 2364 1036 2430 electam
1080 2365 1308 2443 uitem,
1355 2364 1715 2449 alligauerit
1760 2365 2034 2443 asinam,
2082 2365 2184 2430 cui
2226 2362 2609 2449 supersedit,
2654 2364 2860 2431 eccle·-

635 2469 794 2535 siam
837 2490 912 2535 ex
953 2467 1309 2535 nationibus
1359 2472 1825 2553 congregatam.
1934 2469 2098 2552 quod
2144 2472 2355 2536 autem
2401 2468 2555 2535 dicit
2609 2469 2711 2546 fili
2754 2473 2860 2546 mi,

633 2568 1064 2659 ἀποστροφὴν
1109 2572 1188 2639 ad
1239 2573 1447 2656 ipsum
1508 2573 1732 2639 Iudam
1789 2573 1946 2639 facit
2000 2574 2167 2656 quod
2212 2572 2499 2639 Christus
2556 2572 2640 2638 sit
2694 2574 2857 2638 haee
2892 2577 2955 2631 20

633 2677 930 2743 uniuersa
971 2676 1273 2741 facturus,
1349 2677 1461 2743 sed
1505 2678 1571 2741 et
1616 2678 1735 2742 hoc
1778 2676 2101 2742 sciendum
2145 2677 2331 2760 quod,
2381 2676 2492 2741 ubi
2536 2695 2650 2741 nos
2692 2676 2860 2760 legi-

633 2799 776 2847 mus
819 2783 1082 2864 allzjqans·
1124 2782 1203 2844 ad
1241 2786 1428 2845 uitem
1472 2784 1725 2866 pullum
1773 2804 1978 2859 suum,
2051 2800 2164 2866 pro
2222 2781 2396 2865 pullo
2414 2778 2431 2793 ⁰
2455 2781 2526 2845 in
2585 2780 2859 2847 hebraeo

633 2884 834 2968 possit
891 2884 1022 2968 legi
1075 2889 1282 2949 urbem
1329 2907 1528 2963 suam,
1589 2885 1763 2950 iuxta
1808 2884 2074 2951 eundem
2132 2904 2385 2950 sensum
2447 2884 2589 2949 aliis
2644 2883 2861 2949 uerbis

635 2989 904 3054 ecclesia
943 2989 1372 3055 demonstrata
1385 3038 1401 3067 ,
1455 2989 1530 3054 de
1580 3008 1705 3072 qua
1770 2988 1923 3055 alibi
1972 2989 2278 3072 scriptum
2325 2990 2423 3054 est
2488 3011 2603 3054 non
2657 2994 2860 3073 potest

633 3097 854 3157 ciuitas
915 3094 1197 3156 abscondi
1241 3090 1434 3176 'super
1497 3098 1753 3157 montem
1815 3098 2021 3177 posita
2108 3094 2173 3159 et
2232 3093 2522 3175 fluminis
2596 3098 2860 3177 impetus
2892 3090 2957 3147 25

635 3196 917 3277 laettficat
961 3200 1270 3260 ciuitatem
1314 3198 1426 3259 dei.

810 3302 1086 3364 Ias-achar
1127 3303 1342 3365 bonum
1386 3302 1753 3366 desiderauit
1769 3353 1784 3380 ,
1851 3306 2220 3385 requiescens
2276 3307 2433 3367 inter
2476 3303 2701 3366 medios
2746 3305 2864 3365 ole-

634 3426 766 3470 ros:
809 3410 866 3468 et
909 3405 1119 3468 uidens
1159 3410 1425 3489 requiem
1469 3410 1611 3489 Quia
1660 3408 1811 3470 bona
1854 3412 1911 3469 et
1954 3413 2181 3470 terram
2226 3412 2371 3489 quia
2400 3410 2663 3490 pinques,
2708 3428 2864 3491 sup-

624 3512 832 3594 posuit
889 3530 1166 3572 umerum
1223 3530 1400 3573 suum
1463 3511 1542 3571 ad
1583 3510 1978 3573 laborandum
2022 3514 2079 3573 et
2124 3511 2339 3591 faetus
2393 3515 2479 3573 est
2539 3514 2644 3573 uir
2686 3514 2865 3593 ayri-

635 3616 781 3678 oola.
855 3612 923 3676 in
964 3612 1236 3677 hebraeo
1281 3613 1374 3677 ita
1411 3612 1719 3697 scriptum
1772 3615 1870 3678 est
1912 3616 2193 3677 Issaehar
2250 3619 2455 3678 asinus
2507 3634 2708 3677 osseus
2766 3637 2861 3678 re·
2894 3610 2958 3665 30

635 3720 909 3781 cumben-s·
965 3720 1124 3779 inter
1173 3722 1491 3781 terminos:
1561 3722 1619 3780 et
1670 3718 1883 3781 uidens
1938 3722 2205 3800 requiem
2254 3723 2399 3801 quia
2454 3721 2603 3781 bona
2656 3722 2747 3781 est
2804 3723 2863 3783 et

633 3826 864 3884 terram
914 3825 1059 3904 quia
1105 3823 1366 3905 pulchra
1381 3870 1396 3898 ,
1452 3822 1769 3883 inclinauit
1808 3840 2077 3885 umerum
2120 3840 2289 3885 suum
2334 3822 2413 3884 ad
2460 3823 2864 3905 portandum.-

777 3986 933 4038 2Gen
958 3984 1043 4047 49,
1075 3984 1108 4039 9
1138 3979 1145 4051 Ι
1176 3982 1246 4036 10
1281 3984 1350 4033 Ps
1377 3985 1461 4046 68,
1493 3984 1558 4037 19
1628 3984 1748 4049 Eph
1780 3985 1829 4047 4,
1854 3980 2005 4054 8113
2032 3986 2141 4035 een
2165 3986 2248 4047 49,
2279 3983 2343 4038 11
2376 3981 2469 4051 124
2492 3984 2663 4035 Matth
2686 3983 2738 4048 5,
2770 3982 2859 4055 142

635 4073 704 4126 25
737 4071 912 4143 Psalm
946 4070 1033 4133 46,
1075 4071 1106 4123 5
1139 4069 1147 4136 ι
1179 4068 1247 4123 27
1285 4070 1394 4121 een
1427 4070 1512 4133 49,
1556 4069 1625 4123 14
1662 4071 1727 4125 15

777 4201 808 4255 7
845 4202 918 4252 ait
953 4206 1012 4268 β,
1053 4200 1280 4267 sequitur
1323 4220 1367 4269 φ
1397 4200 1408 4266 Ι
1441 4198 1508 4254 15
1545 4216 1687 4251 sorec
1725 4220 1801 4271 φ,
1838 4202 2010 4252 soreth
2046 4204 2124 4267 βΙ,
2161 4199 2341 4252 sorech
2376 4203 2438 4266 β’
2468 4201 2477 4269 Ι
2510 4199 2575 4254 17
2616 4216 2761 4253 sorec
2800 4220 2862 4271 φ,

635 4290 816 4339 sorech
852 4293 887 4353 β
921 4287 929 4353 Ι
957 4288 1028 4343 20
1066 4302 1440 4351 arroc'rpooun
1463 4289 1687 4353 frising,
1728 4288 2079 4353 apostrophen
2102 4293 2137 4354 β
2167 4288 2177 4356 Ι
2206 4288 2274 4342 27
2298 4287 2508 4338 Isachar
2532 4292 2567 4352 β
2599 4288 2607 4352 Ι
2637 4284 2710 4341 30
2736 4304 2863 4355 ysa-

633 4377 759 4427 char
788 4379 824 4440 β
