3169 4941
1298 403 1525 471 Genesis
1556 416 1648 470 42.
2485 414 2586 469 175

307 578 333 623 1
371 573 485 639 καὶ
538 565 910 661 α’παγάγετε
967 574 1080 642 τὸν
1138 567 1500 666 ἅγορασμὸν
1548 580 1663 666 τῆς
1701 573 2078 655 σιτοδοσίας
2119 572 2290 661 ὑμῶν
2308 628 2326 657 ,
2407 573 2586 643 ’30καὶ

372 677 485 745 τὸν
542 675 823 768 ἀδελφὸν
878 676 1054 764 ὑμῶν
1110 679 1225 748 τὸν
1270 680 1569 770 νεώτερον
1622 673 1890 766 ἀγάγετε
1944 680 2114 769 πρὸς
2155 681 2266 765 μέ,
2323 678 2436 747 καὶ
2479 704 2590 746 πι-

376 778 843 872 στευθήσονται
908 783 991 851 τὰ
1066 779 1315 873 ῥήματα
1370 781 1544 869 ὑμῶν
1563 808 1578 823 ·
1653 782 1711 851 εἰ
1781 783 1854 851 δὲ
1909 780 2029 874 μή,
2106 778 2590 853 ἀποθανεῖσθε.

375 884 694 974 ἐποίησαν
743 886 816 955 δὲ
862 886 1081 967 οὕτως.
1178 888 1361 955 21καὶ
1404 882 1590 955 εἶπεν
1637 888 1907 968 ἕκαστος
1953 888 2120 976 πρὸς
2160 888 2272 957 τὸν
2313 880 2595 978 ἀδελφὸν

308 996 340 1043 ⁵
376 982 572 1057 αὗτοῦ
612 989 775 1074 Ναί,
830 992 897 1059 ἓν
944 989 1290 1081 ἁμαρτίαις
1334 992 1457 1083 γὰρ
1497 992 1690 1078 ἐσμὲν
1732 991 1886 1082 περὶ
1929 1000 2042 1061 τοῦ
2087 993 2366 1083 ἀδελφοῦ
2395 990 2589 1083 ἡμῶν,

379 1094 479 1161 ὅτι
524 1091 951 1183 ὖπερείδομεν
992 1096 1107 1186 τὴν
1155 1095 1401 1186 θλίψιν
1438 1102 1553 1186 τῆς
1593 1104 1804 1187 ψυχῆς
1845 1094 2056 1182 αὐτοῦ,
2106 1095 2216 1165 ὅτε
2257 1096 2592 1165 κατεδέετο

378 1197 557 1289 ἡμῶν
597 1199 707 1267 καὶ
752 1197 869 1267 οὐκ
910 1198 1371 1291 εἰσηκούσαμεν
1412 1194 1607 1270 αὐτοῦ
1628 1224 1641 1239 ·
1700 1201 1813 1269 καὶ
1875 1200 2084 1269 ἕνεκεν
2124 1197 2350 1269 τούτου
2390 1200 2594 1292 ἐπῆλ-

381 1308 505 1369 θεν
577 1303 679 1391 ἐφ’
740 1300 909 1394 ἡμᾶς
970 1302 1011 1396 ἡ
1072 1303 1320 1394 θλίψις
1392 1304 1569 1396 αὕτη.
1670 1310 1730 1349 2²
1759 1298 2156 1395 ἀποκριθεὶς
2217 1306 2292 1375 δὲ
2340 1304 2595 1396 Ῥουβὴν

383 1401 565 1475 εἶπεν
608 1405 827 1488 αὐτοῖς
862 1406 991 1476 Οὐκ
1034 1405 1311 1498 ἐλάλησα
1354 1408 1505 1495 ὑμῖν
1546 1409 1747 1497 λέγων
1779 1411 1899 1502 Μὴ
1940 1408 2282 1502 ἀδικήσητε
2326 1411 2403 1479 τὸ
2432 1436 2596 1479 παι-

282 1530 349 1577 10
382 1509 638 1601 δάριον,·
709 1512 818 1579 καὶ
859 1506 971 1581 οὐκ
1028 1510 1448 1602 εἶσηκούσατέ
1479 1540 1604 1599 μου
1625 1538 1639 1553 ·
1717 1515 1826 1581 καὶ
1866 1502 2008 1583 ἰδοὺ
2061 1515 2138 1584 τὸ
2191 1507 2354 1601 αἷμα
2397 1508 2594 1583 αὐτοῦ

384 1616 759 1707 ἐκζητεῖται.
854 1611 1111 1686 23αὖτοὶ
1169 1619 1243 1687 δὲ
1302 1616 1416 1687 οὐκ
1468 1617 1730 1709 ᾔδεισαν
1783 1616 1887 1687 ὅτι
1943 1614 2166 1687 ἀκούει
2215 1613 2452 1710 Ἰωσήφ
2471 1643 2485 1656 ·
2561 1617 2622 1687 ὃ.

382 1719 503 1810 γὰρ
548 1716 921 1813 ἑρμηνευτὴς
963 1720 1083 1789 ἀνὰ
1124 1722 1322 1808 μέσον
1366 1717 1575 1791 αὐτῶν
1619 1719 1708 1815 ἦν.
1808 1728 1869 1766 ²⁴
1885 1720 2336 1814 ἀποστραφεὶς
2380 1722 2452 1791 δὲ
2481 1715 2597 1789 ἀπ’

385 1821 595 1891 αὐτῶν
654 1822 951 1893 ἔκλαυσεν
1002 1826 1254 1917 Ἰωσήφ.
1330 1828 1443 1893 καὶ
1501 1828 1701 1895 πάλιν
1745 1831 2085 1917 προσῆλθε
2143 1828 2316 1917 πρὸς
2373 1824 2601 1907 αὐτοὺς

387 1929 500 1996 καὶ
542 1922 727 1997 εἶπεν
776 1924 1031 2012 αὐτοῖς·
1104 1931 1216 1999 καὶ
1273 1930 1466 2018 ἔλαβε
1523 1932 1635 2001 τὸν
1691 1932 1944 2017 Συμεών
1986 1925 2106 1999 ἀπ’
2173 1930 2378 2000 αὐτῶν
2392 1987 2408 2018 ,
2487 1930 2600 2000 καὶ

289 2054 353 2101 15
388 2031 609 2124 ἔδησεν
648 2032 843 2103 αὐτὸν
890 2033 1178 2104 ἐναντίον
1226 2030 1449 2105 αὐτῶν.
1505 2035 1935 2105 35ἕνετείλατο
1980 2036 2052 2105 δὲ
2089 2034 2318 2128 Ἰωσὴφ
2349 2037 2600 2127 ἐμπλῆ-

390 2161 505 2205 σαι
568 2137 651 2205 τὰ
718 2136 945 2226 ἀγγεῖα
1007 2134 1215 2207 αὐτῶν
1294 2139 1479 2209 σίτου
1548 2141 1662 2208 καὶ
1735 2134 2100 2210 ἀποδοῦναι
2164 2142 2242 2210 τὸ
2309 2139 2604 2231 ἀργύριον

390 2241 597 2309 αὐτῶν
643 2239 897 2333 ἑκάστῳ
942 2242 1038 2324 εἰς
1080 2244 1190 2313 τὸν
1233 2245 1467 2312 σάκκον
1526 2239 1723 2313 αἰτοῦ
1780 2244 1893 2313 καὶ
1934 2248 2156 2315 δοῦναι
2199 2239 2422 2326 αὗτοῖς
2461 2246 2604 2313 ἐπι-

392 2348 697 2431 σιτισμὸν
748 2345 845 2428 εἰς
902 2348 1014 2438 τὴν
1068 2345 1233 2417 ὁδόν.
1293 2348 1404 2415 καὶ
1468 2348 1740 2439 ἐγενήθη
1809 2346 2030 2430 αὐτοῖς
2086 2348 2304 2429 οὕτως.
2403 2354 2463 2393 ²⁶
2491 2350 2606 2417 καὶ

392 2449 743 2533 ἐπιθέντες
786 2452 899 2521 τὸν
948 2458 1130 2534 σῖτον
1172 2452 1294 2520 ἐπὶ
1334 2451 1483 2534 τοὺς
1524 2450 1706 2534 ὄνους
1743 2450 1952 2522 αὐτῶν
1991 2451 2293 2546 ἀπῆλθον
2329 2454 2604 2523 ἐκεῖθεν.

288 2568 357 2614 20
401 2559 425 2596 ²
438 2560 460 2596 ⁷
476 2557 676 2637 λύσας
731 2558 805 2626 δὲ
863 2549 959 2638 εἷς
1016 2558 1128 2626 τὸν
1172 2554 1559 2647 μάρσιππον
1618 2553 1812 2626 αὐτοῦ
1827 2613 1842 2642 ,
1919 2561 2139 2627 δοῦναι
2191 2559 2608 2648 χορτάσματα

390 2665 533 2741 τοῖς
576 2659 750 2742 ὄνοις
791 2654 1007 2746 αὐτοῦ,
1057 2655 1131 2730 οὗ
1159 2662 1539 2747 κατέλυσαν,
1589 2663 1701 2730 καὶ
1745 2656 1876 2730 εἶδε
1917 2663 2026 2731 τὸν
2068 2664 2300 2749 δεσμὸν
2339 2669 2452 2731 τοῦ
2491 2660 2610 2753 ἆρ-

391 2763 607 2853 γυρίου
651 2759 845 2834 αὐτοῦ
862 2820 878 2850 ,
950 2766 1061 2834 καὶ
1121 2761 1192 2858 ἦν
1236 2764 1455 2835 ἐπάνω
1512 2771 1628 2834 τοῦ
1665 2763 1991 2853 στόματος
2043 2774 2156 2837 τοῦ
2197 2766 2608 2859 μαρσίππου.

402 2871 461 2912 ²⁸
474 2870 587 2936 καὶ
630 2864 778 2937 εἷπε
830 2875 973 2950 τοῖς
1015 2873 1329 2960 ἀδελφοῖς
1380 2869 1577 2939 αὐτοῦ
1628 2865 1972 2962 ,Ἀπεδόθη
2025 2871 2138 2958 μὀι
2177 2873 2252 2940 τὸ
2295 2869 2607 2963 ἀργύριον,

396 2976 509 3042 καὶ
544 2973 687 3044 ἰδοὺ
726 2981 922 3043 τοῦτο
965 2975 1031 3043 ἐν
1084 2980 1177 3064 τῷ
1231 2974 1603 3065 μαρσίππῳ
1661 3002 1804 3062 μου.
1880 2977 1994 3044 καὶ
2036 2975 2258 3068 ἐξέστη
2300 2974 2341 3068 ἡ
2379 2973 2610 3067 καρδία

541 3153 571 3206 1
609 3169 919 3223 επαγαγετε
959 3169 993 3206 a
1034 3154 1043 3221 Ι
1087 3154 1122 3208 2
1155 3171 1494 3224 καταγαγετε
1528 3153 1606 3218 Α,
1645 3172 1917 3225 αγαγεται
1951 3154 2002 3208 D
2056 3152 2065 3221 Ι
2118 3153 2208 3221 2χ3
2243 3160 2610 3220 πιστευθησε-

398 3259 490 3292 ται
526 3259 554 3292 z
585 3239 596 3308 Ι
625 3241 660 3294 3
693 3245 1121 3292 αποθανεισθαι
1158 3240 1208 3293 D
1239 3242 1248 3307 Ι
1280 3240 1315 3294 4
1341 3259 1508 3294 ειπαν
1546 3256 1605 3294 0.
1646 3259 1806 3294 ειπεν
1841 3241 1901 3294 in
1921 3242 1950 3295 t
1971 3260 2004 3294 ν
2025 3257 2191 3296 manu
2224 3241 2425 3296 recenti
2445 3240 2504 3294 in
2527 3256 2613 3295 ra-

402 3341 527 3380 sura
560 3325 819 3394 scriptum
855 3323 1021 3380 habet
1071 3328 1081 3392 Ι
1134 3325 1170 3379 4
1209 3328 1481 3398 αδελφον]
1520 3330 1766 3394 πλησιον
1800 3346 1828 3380 z
1882 3329 1890 3398 Ι
1945 3327 1980 3383 5
2017 3330 2136 3395 ναι]
2175 3347 2334 3381 ναιον
2368 3345 2402 3382 a
2439 3328 2562 3398 [sic]
2605 3332 2612 3401 Ι

403 3415 439 3468 5
474 3432 717 3488 αμαρτια
752 3411 877 3476 AD,
916 3432 1164 3485 αμαρτιᾳ
1200 3429 1235 3467 a
1282 3415 1290 3484 Ι
1338 3414 1373 3468 5
1407 3433 1515 3484 γαρ
1554 3425 1622 3474 >
1659 3432 1687 3468 z
1733 3416 1742 3484 Ι
1791 3418 1824 3471 6
1862 3416 2205 3487 υπεριδομεν
2237 3413 2287 3466 Α
2329 3413 2556 3483 [D=·-b]
2603 3412 2612 3483 Ι

405 3502 439 3554 6
471 3519 535 3566 τη
571 3498 686 3563 ΑΙ,
742 3515 907 3553 manu
956 3499 1131 3569 prima
1164 3518 1198 3551 ν
1232 3515 1393 3569 super
1441 3515 1656 3554 uersum
1693 3500 1936 3555 additum
2001 3500 2009 3570 Ι
2074 3503 2108 3556 6
2143 3516 2240 3569 pro
2279 3519 2369 3554 οτε
2404 3499 2453 3553 Α
2475 3504 2494 3535 ¹
2527 3519 2616 3552 οτι

408 3586 694 3655 scripserat
732 3586 967 3656 [D-—=b]
1002 3587 1009 3656 Ι
1043 3589 1073 3641 7
1110 3603 1427 3658 ηκουσαμεν
1461 3605 1489 3639 z
1520 3589 1531 3656 Ι
1562 3589 1594 3641 7
1626 3587 1685 3640 in
1720 3607 1886 3640 αυτου
1925 3587 2126 3642 desinit
2163 3587 2208 3641 F
2238 3589 2247 3656 Ι
2279 3589 2310 3640 ’7
2355 3605 2449 3639 και
2481 3585 2617 3640 alte-

407 3689 527 3726 rum
564 3683 632 3733 >
668 3672 1033 3743 AD[‹³12]mtz
1081 3677 1090 3736 1
1143 3673 1231 3742 718
1270 3676 1521 3740 απηλθεν
1555 3690 1589 3728 a
1636 3673 1645 3744 Ι
1693 3674 1728 3727 8
1763 3677 1888 3728 ante
1923 3694 1956 3741 η
1995 3676 2059 3744 -Ι-
2096 3692 2254 3728 πασα
2287 3691 2316 3725 z
2363 3673 2372 3742 Ι
2421 3672 2454 3726 8
2490 3691 2618 3746 ρου-

410 3767 523 3833 βημ
560 3776 621 3824 a,
660 3767 863 3832 ρουβιμ
901 3762 1009 3814 mtz
1040 3761 1050 3826 Ι
1084 3760 1149 3813 10
1186 3766 1278 3813 κάι
1316 3780 1413 3812 ουκ
1454 3775 1813 3826 εισηκουσατε
1847 3781 1960 3830 μου
1995 3772 2063 3820 >
2099 3763 2219 3828 mtl
2252 3762 2320 3817 10
2353 3780 2448 3812 και
2481 3758 2619 3814 alte-

412 3861 531 3900 rum
566 3856 635 3904 >
670 3862 699 3900 o
750 3847 759 3916 Ι
814 3850 880 3903 11
918 3851 1171 3910 εκζιτιται
1207 3846 1319 3911 A1,
1369 3847 1656 3908 εκζιτειται
1683 3847 1800 3912 Αἵ,
1854 3847 2164 3918 εκζ[ητ]ειτε
2201 3848 2252 3902 D
2293 3852 2300 3916 Ι
2349 3846 2414 3900 12
2451 3864 2617 3921 ερμη-

413 3952 536 3995 νευς
557 3935 639 3988 Dz
668 3937 677 4002 Ι
710 3935 777 3988 12
812 3936 1013 4002 αυτων]
1051 3952 1387 4006 αμφοτερων
1418 3951 1449 3988 z
1478 3934 1487 4002 Ι
1519 3935 1588 3988 12
1623 3941 1939 4007 αποκριβεις
1974 3953 2002 3987 z
2033 3935 2040 4004 Ι
2075 3935 2141 3988 13
2161 3937 2476 4008 προσηλθεν
2506 3931 2582 3985 At
2608 3928 2616 4000 Ι

414 4019 484 4075 14
518 4039 614 4072 και
650 4037 805 4074 ειπεν
842 4039 1033 4080 αυτοις
1069 4030 1136 4079 >
1175 4037 1203 4071 z
1270 4021 1278 4086 Ι
1346 4019 1415 4074 14
1460 4021 1588 4087 post
1633 4039 1817 4078 αυτοις
1865 4021 1929 4089 -Ι-
1978 4025 2162 4080 καθως
2215 4037 2484 4094 προτερον
2515 4019 2544 4070 t
2609 4015 2618 4086 Ι

417 4105 485 4160 14
521 4108 714 4174 ελαβεν
752 4105 863 4159 At1
906 4107 915 4176 Ι
961 4108 1027 4162 16
1062 4124 1236 4176 αγγια
1271 4102 1319 4157 A
1349 4104 1357 4174 Ι
1403 4106 1469 4160 16
1504 4107 1632 4159 ante
1665 4124 1731 4159 το
1769 4106 1834 4173 -Ι-
1875 4123 2086 4158 εκαστω
2124 4123 2151 4158 z
2182 4104 2192 4176 Ι
2239 4107 2304 4160 17
2341 4122 2520 4158 auron!
2553 4111 2622 4162 >

415 4190 601 4245 Acmtz
646 4192 655 4261 Ι
699 4193 761 4246 17
800 4195 1029 4247 εκαστου
1061 4190 1135 4257 A,
1174 4201 1241 4251 >
1277 4209 1305 4244 z
1348 4190 1358 4262 Ι
1401 4191 1469 4248 18
1508 4209 1721 4262 εγενετο
1759 4210 1786 4245 z
1826 4192 1834 4261 Ι
1883 4192 1950 4247 18
1985 4194 2113 4245 ante
2153 4209 2229 4252 εις
2263 4193 2328 4260 -Ι-
2370 4208 2449 4250 εις
2476 4192 2624 4256 ’πλη-

418 4293 637 4348 σμονην
672 4295 705 4332 a
734 4279 743 4349 Ι
778 4280 843 4334 19
864 4281 1041 4346 ονους]
1082 4297 1264 4350 ωμους
1296 4295 1327 4332 z
1357 4281 1367 4344 Ι
1397 4277 1467 4333 20
1488 4277 1852 4351 μαρσιππον]
1885 4276 2129 4347 „Aquila¹
2158 4280 2428 4343 θυλακον,
2467 4275 2626 4346 Sym-

418 4364 637 4420 machus
674 4361 927 4420 σακκον“
961 4366 997 4420 b
1046 4367 1055 4432 Ι
1099 4366 1167 4420 20
1202 4385 1341 4418 ατου
1374 4380 1404 4418 c
1446 4365 1455 4436 Ι
1498 4364 1565 4418 21
1605 4369 1777 4424 οἴνοις
1809 4379 1844 4416 a
1873 4365 1884 4433 Ι
1914 4363 1980 4417 21
2019 4383 2199 4418 αυτων
2232 4366 2259 4418 t
2287 4364 2296 4434 Ι
2327 4363 2394 4418 21
2429 4383 2522 4418 και
2555 4373 2625 4424 >

422 4449 612 4506 Aamtz
643 4455 654 4519 Ι
684 4451 750 4506 21
790 4454 909 4507 ιδεν
943 4451 1021 4516 Α,
1062 4453 1211 4506 ειδεν
1244 4453 1300 4505 11¹
1330 4456 1340 4520 Ι
1369 4452 1439 4510 23
1480 4470 1636 4508 ειπεν
1667 4452 1779 4507 At1
1809 4453 1822 4519 Ι
1849 4453 1922 4508 24
1955 4451 2180 4526 metha]
2218 4452 2440 4507 διανοια
2474 4453 2558 4506 mt
