3169 4941
574 424 645 479 84
1507 418 1735 474 Genesis
1768 418 1858 473 23.

574 605 731 669 μου·
775 582 854 650 τὸ
896 574 1194 669 αργύριον
1230 584 1345 645 τοῦ
1391 574 1587 667 ἀγροῦ
1623 572 1783 662 λάβε
1827 577 1983 663 παρ’
2028 573 2186 659 ἐμοῦ
2206 626 2221 656 ,
2268 573 2382 639 καὶ
2424 568 2639 663 θάψω
2690 571 2802 639 τὸν
2840 592 2865 635 1

574 682 797 774 νεκρόν
836 711 962 771 μου
1008 684 1164 751 ἐκεῖ.
1263 674 1678 767 Ηᾶπεκρίθη
1722 680 1797 746 δὲ
1833 671 2091 767 Ἐφρων
2133 684 2227 765 τῷ
2264 670 2559 765 Ἀβραὰμ
2604 675 2803 762 λέγων

586 794 647 833 ¹⁵
667 787 858 873 Οὐχί,
903 784 1117 875 κύριε·
1166 778 1403 875 ἇκήκοα
1447 781 1599 872 γάρ,
1640 791 1717 873 γῆ
1746 779 2181 871 τετρακοσίων
2216 776 2581 869 διδράχμων
2610 772 2802 906 ἄργυ-

576 891 747 982 ρίου·
788 886 954 959 ἀλλὰ
988 886 1058 956 τί
1099 886 1178 957 ἂν
1219 885 1318 979 εἴη
1362 892 1553 955 τοῦτο
1598 886 1726 957 ἀνὰ
1766 886 1969 971 μέσον
2014 884 2170 1007 εἶμοῢ
2211 884 2323 951 καὶ
2368 891 2526 968 σοῢ,·
2599 884 2679 951 σύ
2726 883 2801 951 δὲ

575 998 686 1064 τὸν
725 991 946 1085 νεκρόν
990 1016 1108 1061 σου
1152 988 1404 1081 θάψον.
1503 990 1689 1058 ῑθκαὶ
1732 988 1997 1081 ήκουσεν
2021 980 2319 1077 Λβραάμ
2359 996 2479 1056 τοῦ
2514 980 2799 1076 Ἐφρών·
2834 1004 2865 1050 5

573 1099 689 1167 καὶ
746 1093 1266 1186 ἆπεκατέστησεν
1311 1093 1606 1184 Ἀβραὰμ
1665 1101 1759 1182 τῷ
1800 1086 2049 1181 Ἐφρών
2088 1092 2165 1159 τὸ
2209 1090 2520 1180 ἀργύριον,
2569 1118 2606 1160 ο
2650 1090 2801 1157 ἐλά-

573 1206 763 1294 λησεν
804 1201 900 1283 εἶς
941 1202 1025 1268 τὰ
1065 1194 1202 1267 ὦτα
1242 1207 1373 1267 τῶν
1415 1196 1573 1266 υιῶν
1603 1197 1775 1281 Χὲτ,
1820 1195 2210 1286 τετρακόσια
2251 1193 2572 1282 δίδραχμα
2603 1218 2797 1282 αργυ-

574 1307 717 1398 ρίου
761 1303 1035 1373 δοκίιιου
1078 1303 1410 1391 ἐμπόροις.
1509 1300 1696 1367 1’ῖκαὶ
1752 1298 1907 1389 ε’στη
1953 1298 1990 1367 6
2034 1296 2231 1386 ἀγρὸς
2264 1290 2537 1388 Ἐφρών,
2614 1294 2686 1378 ὃς
2728 1290 2802 1387 ἦν

575 1410 644 1478 ἐν
679 1415 775 1498 τῷ
814 1410 1031 1495 διπλῷ
1078 1403 1384 1495 σπηλαίῳ
1397 1459 1413 1489 ,
1461 1402 1532 1484 ὅς
1577 1402 1722 1472 ἐστι
1764 1404 1930 1470 κατὰ
1945 1402 2335 1491 ,πρόσωπον
2376 1398 2797 1491 Μαμβρῆ,ὃ

572 1505 770 1600 ἆγρὸς
813 1510 926 1577 καὶ
963 1510 1040 1578 τὸ
1080 1508 1413 1598 σπήλαιον,
1460 1502 1570 1574 3⁷
1531 1535 1606 1597 ην
1638 1506 1707 1573 ἐν
1751 1499 1953 1595 αυτῷ,
1996 1504 2107 1573 καὶ
2146 1513 2288 1572 πᾶν
2336 1503 2613 1594 δένδρον,
2660 1500 2698 1571 ὃ
2728 1498 2801 1593 ἦν
2837 1519 2900 1565 10

574 1614 641 1685 ἓν
681 1621 778 1703 τῷ
822 1609 1027 1702 ἀγρῷ,
1105 1612 1220 1679 καὶ
1264 1616 1430 1695 πᾶν,
1477 1608 1519 1678 6'
1564 1610 1741 1677 ἔστιν
1783 1608 1851 1676 ἐν
1883 1613 2027 1688 τοῖς
2087 1605 2297 1696 ὁρίοις
2340 1605 2531 1676 αὐτοῦ
2570 1606 2795 1695 κύκλῳ,

582 1721 746 1807 18τῷ
781 1710 1083 1804 Ἀβραὰμ
1128 1713 1225 1795 εἷς
1265 1722 1488 1804 κτῆσιν
1523 1711 1813 1781 ἐναντίον
1858 1715 1987 1779 τῶν
2028 1710 2179 1779 υἱῶν
2208 1712 2350 1779 Χὲτ
2392 1711 2500 1778 καὶ
2530 1710 2797 1777 πάντων

571 1825 700 1889 τῶν
756 1817 1310 1906 εἰσπορευομένων
1365 1815 1460 1896 εἰς
1511 1816 1626 1907 τὴν
1684 1812 1895 1883 πόλιν.
1994 1815 2228 1900 19μετὰ
2285 1822 2488 1882 ταῦτα
2532 1813 2797 1905 ἔθαψεν
2854 1866 2865 1876 .

571 1916 874 2013 ,Ἀβραὰμ
902 1921 1155 2009 Σάρραν
1190 1920 1304 2009 τὴν
1346 1925 1615 2006 γυναῖκα
1664 1916 1857 1985 αὐτοῦ
1899 1918 1966 1985 ἐν
1998 1922 2094 2007 τῷ
2126 1919 2428 2009 σπηλαίῳ
2455 1924 2570 1986 τοῦ
2600 1912 2801 2007 οῗγροῧ

570 2033 665 2115 τῷ
707 2028 927 2115 διπλῷ
945 2077 960 2108 ,
1008 2023 1045 2091 ὅ
1088 2023 1262 2090 ἐστιν
1306 2014 1624 2089 απέναντι
1668 2026 2019 2110 Μαμβρῆ·
2039 2020 2198 2112 αὕτη
2242 2020 2384 2088 ἐστὶ
2420 2022 2689 2111 Χεβρών
2733 2022 2801 2089 ἓν
2838 2040 2899 2085 15

569 2137 649 2220 τῇ
681 2138 760 2219 γῇ
808 2126 1102 2196 Χαναοὶν.
1202 2130 1262 2170 ²⁰
1276 2151 1389 2193 και
1441 2124 1737 2213 ἐκυρώθη
1780 2123 1817 2192 6
1861 2117 2057 2248 αγρὸς
2099 2124 2211 2191 καὶ
2251 2125 2329 2193 τὸ
2374 2122 2713 2216 σπήλαιον,
2761 2152 2799 2193 ο

570 2227 648 2322 ἦν
691 2231 761 2299 ἐν
816 2229 988 2319 αὐτῷ
1044 2235 1139 2319 τῷ
1175 2222 1477 2318 Λβραοὶμ
1535 2253 1629 2307 εις
1690 2232 1911 2317 κτῆσιν
1967 2224 2183 2317 τάφου
2245 2228 2430 2317 παρὰ
2472 2235 2601 2295 τῶν
2646 2226 2799 2296 υιῶν

487 2505 492 2509 .
569 2455 662 2497 τος
695 2436 806 2492 Aaz
849 2436 858 2508 Ι
900 2438 969 2494 21
1008 2438 1135 2507 post
1169 2455 1271 2508 γης
1306 2437 1370 2505 -Ι-
1409 2438 1589 2506 λεγων
1622 2452 1651 2489 1·
1680 2437 1691 2503 Ι
1735 2434 1802 2489 21
1840 2434 2036 2502 επειδη
2072 2434 2237 2492 habet
2271 2455 2303 2503 η
2340 2434 2398 2490 in
2432 2451 2621 2492 rasura
2661 2436 2795 2490 scri-

569 2526 725 2591 ptum
757 2542 786 2578 r

712 2611 744 2665 1
782 2614 984 2677 θαψον
1013 2607 1092 2662 Az
1136 2608 1146 2675 Ι
1190 2606 1226 2660 2
1261 2623 1458 2678 εφρωμ
1494 2607 1522 2658 t
1567 2606 1577 2671 1
1629 2605 1663 2657 2
1699 2625 1775 2674 τῳ
1812 2612 2036 2678 αβρααμ
2072 2618 2141 2667 >
2178 2625 2205 2660 z
2260 2610 2270 2674 Ι
2301 2608 2335 2660 2
2366 2610 2495 2676 post
2520 2609 2696 2677 λεγων
2732 2607 2796 2674 -Ι-

572 2714 716 2749 αυτω
741 2710 770 2746 r
797 2693 808 2763 Ι
839 2695 874 2748 3
898 2695 1022 2761 post
1043 2710 1193 2767 κυριε
1213 2692 1279 2760 -Ι-
1309 2711 1421 2764 μου
1445 2707 1474 2743 1·
1503 2690 1513 2759 Ι
1543 2692 1578 2745 3
1603 2701 1759 2760 γη>
1784 2689 2132 2761 AD[‹312]0rz,
2159 2693 2274 2748 eius
2296 2692 2414 2747 1000
2438 2712 2523 2746 οτι
2547 2709 2580 2746 a
2611 2693 2619 2761 Ι
2650 2694 2685 2747 3
2712 2693 2798 2746 δι·-

572 2782 842 2852 δραγμανν
878 2782 988 2833 mt.
1029 2777 1326 2846 διδαχμων
1359 2780 1450 2840 1⁸¹,
1489 2777 1819 2850 διδραχμων
1854 2781 1948 2842 1⁸²,
1990 2778 2257 2853 δραχμων
2292 2797 2352 2832 z.
2396 2780 2455 2833 in
2492 2779 2735 2849 margine
2772 2794 2801 2830 r

571 2881 835 2939 στατηρες
873 2884 946 2923 ως
985 2876 1160 2935 φησιν
1205 2880 1490 2935 ωριγενης.
1545 2881 1611 2913 το
1663 2877 1837 2932 ημισυ
1886 2883 1980 2931 της
2014 2884 2206 2935 ογκιας
2241 2883 2356 2934 εχει
2397 2866 2655 2938 δραχμας
2694 2865 2795 2916 δυο

569 2954 626 3006 et
657 2954 871 3024 μαλλον
919 2966 996 3008 εις
1043 2965 1283 3022 αργυρον
1321 2967 1376 3000 οι
1409 2966 1534 3001 τοτε
1572 2950 1947 3013 συνηλλαττον
1998 2970 2069 3011 ως
2111 2968 2284 3023 μεχρι
2322 2969 2425 3005 νυν
2461 2966 2665 3026 περσαι
2702 2969 2795 3003 και

565 3056 636 3090 τα
667 3054 803 3108 περι
841 3053 942 3102 την
976 3051 1251 3106 αρμενιαν
1293 3037 1302 3099 Ι
1340 3035 1376 3088 4
1413 3037 1554 3086 αλλα
1591 3043 1659 3094 >
1695 3033 1794 3088 AD
1823 3035 1933 3105 [63]
1961 3039 2130 3090 amrtz
2185 3037 2193 3105 Ι
2247 3037 2283 3090 4
2316 3056 2371 3090 τι
2407 3056 2478 3090 αν
2513 3054 2597 3104 ειη
2634 3055 2795 3090 τουτο

569 3140 676 3174 ανα
710 3137 888 3188 μεσον
922 3137 1060 3190 εμου
1098 3139 1191 3172 και
1228 3132 1330 3172 σου
1366 3118 1463 3185 bc,
1521 3138 1628 3173 ανα
1662 3137 1841 3190 μεσον
1876 3138 2014 3192 εμου
2049 3141 2144 3176 και
2182 3140 2282 3177 σου
2318 3143 2372 3176 τι
2408 3142 2479 3176 αν
2515 3140 2599 3190 ειη
2633 3141 2795 3176 τουτο

565 3206 760 3270 Aamt,
802 3224 909 3258 ανα
942 3222 1126 3275 μεσον
1162 3221 1300 3275 εμου
1337 3225 1431 3279 και
1469 3224 1577 3259 ανα
1612 3223 1789 3276 μεσον
1828 3223 1931 3260 σου
1966 3227 2021 3260 τι
2057 3227 2128 3262 αν
2162 3228 2246 3276 ειη
2281 3228 2453 3263 τουτο
2492 3210 2543 3263 D
2572 3209 2753 3280 [GBJrz
2784 3209 2791 3275 Ι

568 3293 601 3345 5
639 3311 736 3344 του
769 3289 998 3355 bcmrtz,
1034 3310 1109 3343 τω
1143 3289 1226 3344 Aa
1257 3290 1266 3360 Ι
1297 3292 1330 3344 6
1366 3310 1462 3344 και
1499 3306 1940 3358 απεκατεστησεν
1982 3301 2208 3368 αβρααμ
2242 3315 2317 3366 τῳ
2358 3312 2541 3369 εφρων
2575 3305 2643 3357 >
2680 3311 2743 3349 az
2781 3294 2790 3364 Ι

566 3379 601 3432 6
634 3391 1081 3444 απεκατεστησεν
1103 3374 1241 3440 Abt,
1279 3393 1732 3444 αποκατεστησεν
1762 3393 1874 3442 cm,
1915 3384 2239 3435 απεστειλεν
2279 3399 2308 3434 1·
2338 3381 2347 3451 Ι
2380 3384 2411 3435 ’7
2444 3385 2569 3437 ante
2599 3401 2703 3453 χετ
2727 3384 2791 3450 -Ι-

564 3481 663 3515 του
698 3465 782 3516 mt
835 3462 844 3530 Ι
899 3465 930 3516 '7
969 3467 1002 3514 ῦ
1038 3478 1065 3513 z
1120 3462 1128 3530 Ι
1174 3464 1206 3516 7
1245 3462 1534 3537 διδραγμα
1569 3465 1679 3516 mrt
1726 3463 1737 3534 Ι
1786 3464 1821 3516 8
1860 3482 2125 3538 ενποροις
2158 3466 2207 3520 Α
2256 3469 2265 3536 Ι
2318 3469 2354 3522 8
2390 3482 2516 3534 εστη
2552 3467 2792 3532 Abcmtz,

566 3560 718 3601 εστιν
748 3563 812 3600 ar
842 3549 851 3612 Ι
881 3547 915 3600 9
954 3564 1014 3600 εν
1050 3566 1125 3600 τω
1160 3551 1417 3614 σπηλαιω
1454 3567 1531 3599 τω
1570 3548 1753 3602 διπλω
1788 3565 1847 3602 ez
1886 3551 1894 3619 Ι
1939 3551 1972 3604 9
2008 3571 2069 3610 ος
2107 3552 2358 3617 Aabmrt‚
2397 3573 2428 3605 ο
2464 3554 2514 3607 D
2541 3553 2658 3623 [63]
2685 3571 2741 3608 cz
2781 3553 2792 3624 Ι

563 3631 597 3684 9
637 3645 787 3686 εστιν
818 3631 868 3685 A
913 3635 923 3699 Ι
973 3634 1039 3689 10
1075 3630 1106 3685 ὃ
1140 3633 1291 3701 prius
1326 3673 1340 3686 .
1364 3674 1378 3686 .
1404 3673 1417 3686 .
1457 3634 1699 3708 δενδρον
1736 3644 1804 3695 >
1840 3653 1867 3688 z
1901 3637 2061 3693 initio
2094 3654 2266 3694 nouae
2302 3640 2535 3709 paginae
2579 3643 2587 3709 1
2632 3642 2700 3699 10
2737 3659 2796 3694 εν

563 3725 631 3776 >
667 3715 716 3770 A
748 3718 756 3780 Ι
789 3719 856 3773 10
895 3734 1010 3770 παν
1045 3725 1113 3777 >
1148 3733 1182 3772 a
1213 3718 1220 3786 Ι
1254 3721 1320 3774 11
1353 3737 1448 3771 και
1481 3737 1600 3772 παν
1636 3731 1705 3780 >
1739 3720 1838 3776 AD
1866 3722 2209 3793 [63]8.6Π11·ίῖῑ
2251 3726 2261 3795 Ι
2305 3727 2372 3781 11
2408 3729 2534 3780 ante
2569 3745 2687 3787 τοις
2727 3728 2791 3794 -Ι-

564 3817 744 3856 πασιν
778 3803 828 3856 D
858 3803 1006 3873 [GR],
1047 3804 1113 3872 -Ι-
1153 3818 1294 3857 πασι
1334 3821 1396 3858 ar
1449 3807 1458 3874 Ι
1515 3808 1579 3861 11
1618 3825 1799 3880 ορεοις
1832 3826 1860 3861 z
1916 3811 1925 3876 Ι
1981 3810 2049 3865 12
2082 3813 2181 3882 τῳ]
2223 3831 2321 3865 του
2362 3830 2389 3864 z
2438 3816 2447 3880 Ι
2504 3812 2572 3866 12
2610 3828 2795 3866 κτισιν

565 3906 830 3942 εναντιων
865 3907 895 3944 z
948 3890 957 3958 Ι
1014 3892 1082 3945 12
1116 3908 1226 3943 των
1262 3901 1330 3949 >
1367 3907 1397 3944 z
1451 3893 1460 3956 Ι
1516 3891 1584 3947 12
1622 3895 1747 3946 ante
1780 3913 1881 3964 χετ
1916 3897 1983 3963 -Ι-
2022 3916 2121 3949 ·του
2157 3913 2185 3950 c
2239 3897 2249 3965 Ι
2306 3898 2373 3953 12
2408 3916 2502 3950 και
2538 3916 2689 3950 παντ
2736 3897 2793 3949 in

562 3991 753 4030 rasura
785 3975 835 4029 A
848 4016 862 4040 ,
899 3991 1063 4030 manu
1092 3976 1183 4030 uel
1219 3977 1395 4045 prima
1430 3978 1520 4031 uel
1553 3980 1867 4034 correctoris
1905 3982 2271 4052 antiquissimi
2301 3984 2310 4051 Ι
2343 3985 2411 4039 13
2447 3983 2643 4052 πολιν]
2682 4001 2789 4035 πυ-

564 4063 664 4128 λην
697 4080 792 4129 της
826 4065 1038 4121 πολεως
1073 4083 1242 4115 αυτου
1277 4081 1306 4117 r
1336 4064 1346 4132 Ι
1379 4065 1446 4118 13
1484 4067 1611 4119 ante
1646 4084 1791 4138 μετα
1816 4069 1881 4135 -Ι-
1908 4088 2002 4121 και
2025 4071 2135 4134 mt,
2177 4071 2303 4138 post
2338 4087 2479 4139 μετα
2517 4069 2583 4137 -Ι-
2613 4069 2679 4122 δε
2715 4085 2743 4121 c
2781 4069 2788 4138 Ι

564 4145 634 4199 14
670 4165 770 4212 την
805 4165 1044 4217 γυναικα
1078 4167 1247 4200 αυτου
1294 4164 1503 4224 σαρραν
1539 4168 1624 4214 m,
1666 4151 1763 4204 sed
1789 4172 1823 4205 α
1846 4160 1883 4222 β
1906 4155 2085 4209 uersui
2120 4154 2375 4224 inpositis
2410 4155 2587 4223 prima
2618 4170 2791 4211 manu

562 4229 622 4282 in
653 4232 894 4285 ordinem
929 4234 1216 4302 uulgatum
1250 4235 1468 4289 redacta
1510 4237 1518 4305 Ι
1571 4238 1640 4292 15
1676 4253 1828 4292 εστιν
1856 4247 2079 4316 χεβρων
2108 4239 2182 4295 At
2199 4246 2219 4277 ¹
2283 4243 2293 4310 Ι
2362 4241 2431 4296 15
2459 4259 2678 4314 χευρων
2712 4259 2740 4293 z
2780 4242 2787 4310 Ι

565 4314 2792 4396 16τῃ>1>[6Β]ΖΙ16117οηνΑ3ὴ111ήΖ,τοοΙ17εν>Α117κτι-

567 4412 729 4464 σιντ
