3169 4941
1248 413 1474 469 Genesis
1511 413 1599 470 34.
1637 414 1725 468 35.
2497 417 2595 472 141

306 589 334 633 1
373 565 551 651 οἶκός
605 596 748 656 μου.
844 575 904 615 ³¹
929 569 994 640 οἱ
1054 573 1127 640 δὲ
1183 566 1384 640 εἶπαν
1430 566 1603 641 Ἀλλ’
1656 570 1817 640 ὡσεὶ
1872 569 2081 662 πόρνῃ
2136 573 2478 663 χρήσονται
2504 579 2604 667 «τῇ

371 669 622 766 ἀδελφῇ
663 672 872 766 ἡμῶν;
963 680 987 717 ¹
1003 669 1155 743 εἶπε
1199 675 1272 743 δὲ
1318 674 1354 744 ὃ
1398 676 1562 756 θεὸς
1618 676 1789 765 πρὸς
1822 673 2049 762 Ἰακὼβ
2092 669 2411 757 Ἀναστὰς
2448 675 2597 745 ἇνά-
2634 681 2724 749 35

371 787 539 868 βηθι
586 776 682 859 εἷς
723 779 837 846 τὸν
893 779 1105 846 τόπον
1165 776 1433 870 Βαιθήλ
1448 834 1464 864 ,
1540 779 1654 847 καὶ
1706 777 1867 848 οἴκει
1931 781 2093 864 ἐκεῖ,
2166 781 2277 850 καὶ
2320 780 2601 873 ποίησον

373 881 509 951 ἐκεῖ
557 879 1026 973 θυσιαστήριον
1084 891 1177 973 τῷ
1237 889 1380 973 θεῷ
1432 891 1528 973 τῷ
1590 878 1876 974 ὀφθέντι
1938 906 2044 951 σοι
2101 883 2169 951 ἐν
2222 890 2314 975 τῷ
2359 882 2602 954 ἀποδι-

305 1009 336 1054 5
373 983 668 1076 δράσκειν
713 1009 787 1053 σε
830 980 968 1054 ἀπὸ
1015 985 1383 1080 προσώπου
1420 981 1630 1055 Ἡσαῦ
1687 993 1803 1057 τοῦ
1855 986 2139 1077 ἀδελφοῦ
2182 1010 2318 1056 σου.
2413 982 2602 1056 Ξἐἶπε

373 1091 446 1157 δὲ
486 1083 714 1176 Ἰακώβ
756 1095 849 1179 τῷ
892 1087 1052 1179 οἴκῳ
1095 1084 1296 1158 αὐτοῦ
1343 1092 1454 1159 καὶ
1513 1097 1684 1160 πᾶσι
1740 1098 1882 1172 τοῖς
1941 1084 2077 1177 μετ’
2124 1084 2322 1160 αὐτοῦ
2366 1089 2602 1180 Ἄρατε

371 1194 522 1274 τοὺς
563 1195 760 1274 θεοὺς
801 1193 950 1274 τοὺς
993 1187 1371 1284 ἀλλοτρίους
1414 1197 1566 1275 τοὺς
1609 1189 1761 1280 μεθ’
1814 1194 1991 1282 ὑμῶν
2048 1192 2121 1262 ἐκ
2161 1194 2365 1280 μέσου
2410 1193 2601 1280 ὑμῶν,

373 1297 483 1364 καὶ
537 1294 1029 1388 καθαρίσθητε,
1106 1299 1217 1366 καὶ
1285 1291 1602 1382 ἆλλάξατε
1668 1300 1791 1379 τὰς
1860 1299 2098 1378 στολὰς
2147 1296 2345 1383 ὑμῶν.
2442 1301 2469 1340 ³
2492 1298 2605 1367 καὶ

375 1395 757 1481 ἀναστάντες
801 1399 1142 1488 ἅναβῶμεν
1189 1401 1286 1482 εἷς
1328 1399 1623 1492 Βαιθήλ,
1688 1404 1799 1471 καὶ
1857 1399 2235 1492 ποιήσωμεν
2296 1401 2434 1471 ἐκεῖ
2475 1409 2603 1470 θυ-

279 1531 342 1575 10
377 1502 755 1595 σιαστήριον
797 1510 892 1595 τῷ
933 1512 1076 1594 θεῷ
1117 1511 1210 1594 τῷ
1253 1504 1691 1574 ἕπακούσαντί
1752 1533 1876 1592 μου
1921 1507 1987 1574 έν
2029 1504 2232 1596 ἡμέρᾳ
2277 1505 2603 1596 θλίψεως,

376 1605 448 1690 ὃς
489 1603 562 1698 ἦν
598 1602 732 1694 μετ’
777 1607 936 1695 ἐμοῦ
979 1610 1087 1677 καὶ
1128 1610 1407 1678 διέσωσέ
1440 1636 1522 1695 με
1565 1610 1637 1678 ἓν
1678 1618 1757 1700 τῇ
1789 1609 1921 1699 ὁδῷ
1948 1604 1989 1701 ᾗ
2018 1609 2397 1700 ἐπορεύθην.
2451 1611 2603 1679 4καὶ

376 1709 623 1780 ἔδωκαν
681 1722 776 1801 τῷ
812 1711 1042 1799 Ἰακώβ
1095 1713 1245 1792 τοὺς
1283 1714 1484 1794 θεοὺς
1526 1714 1676 1794 τοὺς
1721 1711 2100 1803 α’λλοτρίους
2118 1768 2135 1796 ,
2198 1711 2271 1781 οἳ
2322 1709 2482 1805 ἦσαν
2535 1715 2604 1784 ἐν

377 1821 524 1896 ταῖς
576 1815 788 1905 χερσὶν
845 1815 1056 1884 αὐτῶν
1073 1870 1090 1898 ,
1160 1817 1271 1885 καὶ
1313 1817 1394 1883 τὰ
1443 1817 1674 1885 ἐνώτια
1720 1818 1801 1885 τὰ
1866 1815 1932 1886 ἒν
1974 1823 2117 1897 τοῖς
2155 1811 2315 1887 ὠσὶν
2360 1811 2567 1886 αὐτῶν
2590 1841 2604 1856 ·

380 1919 494 1986 καὶ
541 1920 944 2010 κατέκρυψεν
986 1913 1150 1987 αὐτὰ
1188 1914 1418 2007 Ἰακώβ
1463 1919 1600 1994 ὑπὸ
1641 1922 1755 2012 τὴν
1796 1921 2181 2010 τερέβινθον
2223 1922 2339 2010 τὴν
2378 1921 2445 1989 έν
2478 1928 2605 2012 Ση-

281 2052 344 2098 15
379 2020 621 2108 κίμοιζ,
698 2024 810 2091 καὶ
854 2020 1190 2092 ἀπώλεσεν
1235 2017 1400 2091 αὐτὰ
1441 2023 1564 2105 ἕως
1618 2033 1732 2115 τῆς
1776 2022 2049 2115 σήμερον
2091 2023 2349 2115 ἡμέρας.
2446 2031 2473 2068 ⁵
2496 2027 2605 2094 καὶ

380 2125 594 2216 ἐξῆρεν
629 2121 874 2217 Ἰσραὴλ
913 2126 986 2194 ἐκ
1027 2126 1326 2217 Σηκίμων
1344 2151 1357 2164 ·
1410 2127 1522 2194 καὶ
1569 2127 1820 2216 ἐγένετο
1866 2125 2077 2218 φόβος
2118 2136 2283 2198 θεοῦ
2328 2128 2447 2197 ἐπὶ
2488 2131 2608 2210 τὰς

381 2227 608 2308 πόλεις
650 2230 768 2310 τὰς
809 2230 1016 2319 κύκλῳ
1059 2229 1297 2316 αὐτῶν,
1348 2232 1460 2299 καὶ
1504 2229 1578 2300 οὗ
1608 2230 2002 2314 κατεδίωξαν
2039 2226 2261 2300 ὀπίσω
2289 2237 2417 2300 τῶν
2450 2230 2607 2300 υἱῶν

374 2331 637 2423 Ἰσραήλ.
706 2328 908 2424 θῆλθε
949 2334 1022 2402 δὲ
1049 2332 1280 2421 Ἰακώβ
1324 2333 1418 2414 εἶς
1457 2331 1723 2420 Λουζά,
1772 2335 1811 2427 ἥ
1855 2334 2033 2403 ἐστιν
2076 2335 2144 2404 ἐν
2188 2344 2267 2426 γῇ
2314 2333 2605 2419 Χαναάν,

385 2437 426 2529 ἤ
470 2438 610 2507 ἐστι
655 2437 950 2529 Βαιθήλ,
1025 2436 1218 2520 αὐτὸς
1259 2438 1370 2508 καὶ
1414 2446 1550 2520 πᾶς
1603 2437 1639 2508 ὃ
1696 2437 1879 2522 λαός,
1941 2435 2014 2521 ὃς
2071 2434 2149 2531 ἦν
2198 2441 2333 2527 μετ’
2396 2437 2606 2511 αὐτοῦ.

529 2698 556 2752 1
578 2718 632 2751 οι
652 2697 737 2766 δε]
766 2716 860 2750 και
879 2715 905 2749 Ζ
937 2699 947 2763 Ι
982 2696 1009 2751 1
1030 2714 1198 2751 ειπον
1223 2713 1282 2751 cz
1312 2698 1320 2766 Ι
1357 2698 1384 2752 1
1406 2697 1561 2767 ωσει]
1592 2717 1663 2756 ως
1695 2717 1754 2750 αι
1780 2701 1848 2764 ΖΙ
1882 2700 1913 2752 1
1938 2716 2142 2768 πορναι
2166 2698 2233 2752 z‘?
2263 2698 2273 2767 Ι
2306 2700 2337 2754 1
2350 2715 2606 2773 χρησων-

385 2804 475 2839 ται
512 2784 612 2839 AD
646 2785 761 2855 [GR]
795 2785 802 2854 Ι
835 2784 922 2853 1s2
956 2803 1054 2850 την
1092 2784 1340 2856 αδελφην
1378 2802 1405 2837 Ζ
1438 2784 1446 2853 Ι
1478 2784 1512 2836 2
1545 2802 1706 2838 ειπεν
1728 2782 2041 2838 ADEGmt1
2073 2786 2081 2853 Ι
2113 2785 2148 2837 2
2182 2804 2326 2859 προς
2372 2795 2439 2843 >
2477 2788 2558 2840 mt
2594 2786 2603 2857 Ι

387 2870 476 2942 2(ss
500 2878 773 2938 αναστηθι
799 2889 826 2923 Ζ
857 2874 866 2937 Ι
897 2872 931 2924 3
954 2890 1053 2924 τον
1073 2882 1330 2940 τοπον>
1351 2870 1424 2936 G,
1451 2889 1548 2923 τον
1572 2889 1727 2924 οικον
1745 2887 1801 2923 m
1830 2875 1839 2938 Ι
1871 2874 1903 2927 3
1928 2874 2101 2940 βεθηλ
2126 2888 2182 2925 cz
2214 2874 2223 2939 Ι
2254 2870 2291 2924 4
2315 2889 2424 2925 εκει
2444 2880 2512 2930 >
2538 2890 2565 2925 Ζ
2594 2872 2603 2943 Ι

388 2959 425 3011 4
458 2946 600 3027 θεῳ]
637 2977 810 3032 κυριω
843 2957 887 3011 Ε
943 2957 950 3026 Ι
1006 2957 1093 3023 4s5
1131 2973 1192 3010 σε
1231 2957 1679 3030 αποδιδρασκειν
1715 2957 1811 3012 DE
1868 2962 1876 3025 Ι
1932 2959 1964 3011 5
2012 2973 2073 3011 σε
2111 2967 2178 3017 >
2212 2974 2310 3027 acy
2342 2959 2351 3023 Ι
2394 2957 2429 3012 5
2464 2976 2607 3025 ησαυ

389 3055 456 3105 >
493 3044 537 3096 Ε
593 3047 601 3110 Ι
655 3043 691 3098 5
723 3060 879 3097 ειπεν
909 3041 1117 3096 AEGt1
1171 3046 1180 3111 Ι
1224 3044 1258 3097 6
1294 3059 1471 3097 πασιν
1503 3040 1603 3096 AG
1643 3043 1652 3110 Ι
1695 3044 1728 3098 6
1765 3048 1907 3097 πᾶσι
1943 3044 2070 3102 τοὺς
2104 3062 2131 3097 z
2171 3044 2180 3110 Ι
2211 3046 2244 3099 6
2282 3044 2449 3098 altero
2491 3044 2607 3099 loco

391 3148 590 3183 εαυτου
625 3130 675 3183 D
699 3127 946 3199 [GR]‘?‘?‘?
976 3132 986 3195 Ι
1019 3131 1050 3183 ’7
1089 3148 1215 3189 τους
1247 3135 1364 3199 μεθ
1407 3148 1562 3200 υμων
1590 3140 1659 3189 >
1701 3128 1934 3195 AEGac,
1975 3149 2101 3189 τους
2134 3137 2253 3200 μεθ·
2287 3148 2449 3202 ημων
2482 3146 2566 3183 mz
2595 3130 2603 3202 Ι

392 3218 423 3270 7
464 3231 638 3289 μεσου
675 3235 833 3286 ημων
866 3232 896 3268 Ζ
950 3219 959 3280 Ι
1013 3215 1047 3269 8
1084 3234 1178 3268 και
1211 3215 1444 3285 primum
1479 3232 1649 3286 usque
1685 3216 1755 3271 ad
1797 3236 1951 3288 υμων
1986 3227 2053 3277 >
2091 3219 2118 3271 t
2166 3217 2174 3286 Ι
2223 3217 2258 3270 8
2296 3224 2609 3293 καθαρισα-

392 3309 531 3355 σθαι
572 3303 621 3356 A
659 3302 761 3372 [sic
777 3342 790 3366 ,
827 3302 988 3356 aliter
1023 3318 1085 3357 ac
1115 3302 1282 3371 uulgo
1321 3302 1579 3373 traditur]
1622 3302 1699 3368 G,
1753 3310 2148 3378 καθαρισασθε
2183 3304 2233 3359 D
2273 3304 2391 3374 [unz
2426 3322 2608 3373 super-

393 3392 479 3443 est
513 3389 740 3457 ισασθε]
778 3405 891 3453 mz,
929 3395 1311 3461 καθαρισεσθε
1343 3389 1388 3443 Ε
1421 3389 1428 3458 Ι
1461 3389 1494 3442 9
1531 3393 1843 3461 αναβωμεν]
1892 3408 2197 3462 απαρωμεν
2233 3393 2316 3444 mt
2369 3394 2377 3457 Ι
2434 3392 2500 3444 10
2535 3411 2610 3460 τῳ

393 3474 530 3544 θεῳ]
568 3494 736 3550 κυριω
774 3474 835 3540 Ε,
875 3496 949 3529 τω
974 3474 1052 3529 H)
1079 3494 1106 3527 Ζ
1137 3477 1147 3541 Ι
1182 3476 1247 3528 10
1284 3491 1669 3528 υπακουσαντι
1694 3476 1742 3529 D
1776 3479 1784 3541 Ι
1818 3476 1885 3528 10
1919 3496 2031 3548 μου
2064 3474 2321 3539 Gabcmt,
2360 3496 2461 3546 μοι
2498 3474 2609 3541 ΑΕ,

392 3578 466 3633 με
491 3578 517 3613 Ζ
548 3565 558 3628 Ι
592 3562 653 3614 11
683 3580 775 3627 και
800 3563 1061 3623 διεσωζεν
1083 3580 1159 3634 με
1184 3560 1450 3615 obelizata
1482 3559 1532 3613 Gr
1561 3562 1570 3630 Ι
1606 3561 1671 3614 11
1698 3561 1971 3615 διεσωσεν
1994 3560 2058 3624 Α,
2089 3577 2295 3615 εσωσεν
2317 3562 2379 3626 Ε,
2408 3562 2609 3615 διεσω-

397 3646 576 3711 ζενθτ,
614 3663 787 3701 εσωσε
805 3664 835 3701 Ζ
853 3687 866 3701 .
907 3648 1118 3702 ..σενΒ
1150 3647 1161 3718 Ι
1192 3647 1258 3701 11
1287 3664 1632 3721 επορευομην
1652 3646 1751 3701 AD
1779 3647 1895 3717 [Gn]
1921 3663 1954 3700 a
1984 3646 1993 3715 Ι
2029 3647 2094 3701 13
2114 3667 2207 3701 και
2229 3667 2299 3700 τα
2325 3666 2518 3702 ενωτια
2542 3668 2612 3701 τα

396 3752 456 3788 εν
474 3753 591 3793 τοις
625 3750 762 3787 ωσιν
797 3753 976 3788 amm·
1009 3745 1077 3794 >
1109 3737 1192 3788 mt
1222 3735 1229 3803 Ι
1263 3735 1329 3789 13
1365 3753 1432 3785 τα
1468 3734 1701 3787 alterum
1734 3745 1801 3794 >
1834 3733 1878 3787 E
1910 3734 1918 3804 Ι
1952 3734 2021 3789 14
2054 3754 2192 3787 αυτα
2217 3744 2286 3795 >
2312 3732 2361 3787 G
2391 3735 2400 3801 Ι
2434 3737 2503 3789 14
2525 3752 2613 3788 τε-

393 3827 664 3895 ρεμινθον
697 3824 724 3875 t
744 3819 859 3875 ¹⁴?G
890 3824 900 3888 Ι
931 3821 1088 3889 14s15
1125 3836 1369 3894 σικιμοις
1394 3819 1677 3885 ADGcmt,
1720 3838 1976 3893 σικημοις
1998 3838 2027 3875 Ζ
2057 3822 2069 3887 Ι
2101 3822 2167 3877 15
2205 3841 2299 3874 και
2325 3824 2613 3875 απωλεσεν

394 3927 534 3959 ama
560 3925 658 3966 εως
678 3928 770 3974 της
793 3924 1035 3981 σημερον
1058 3926 1268 3980 ημερας
1293 3906 1558 3962 obelizata
1579 3906 1629 3960 G
1662 3908 1669 3975 Ι
1703 3907 1771 3964 15
1804 3911 2077 3962 απολεσεν
2112 3924 2168 3961 m
2197 3912 2207 3975 Ι
2240 3910 2306 3963 16
2336 3911 2393 3967 ’ἴ
2416 3911 2612 3982 ισραηλ

394 4009 454 4044 εκ
487 4006 724 4063 σικιμων
761 4012 774 4047 :
800 3991 875 4057 Gr,
929 3992 1024 4047 ubi
1061 3997 1111 4051 Τ
1137 3995 1194 4047 et
1229 3992 1440 4047 obelum
1488 3993 1673 4046 uersuj
1723 3991 2077 4063 praemissum
2125 3996 2389 4047 corrector
2428 3992 2615 4062 [quin-

391 4078 506 4146 tus]
539 4076 756 4132 uidetur
793 4079 1071 4148 scripsisse
1103 4082 1112 4145 Ι
1146 4080 1212 4134 16
1251 4077 1470 4151 ισραηλ]
1510 4085 1685 4146 ιακωβ
1722 4096 1750 4131 Ζ
1780 4081 1791 4145 Ι
1824 4079 1889 4132 16
1927 4092 2168 4150 σικιμων
2199 4077 2248 4131 Α
2276 4078 2415 4148 [ΒΡ]
2437 4078 2611 4143 Ecmt,

391 4176 647 4236 σικημων
680 4182 710 4219 Ζ
741 4164 750 4233 Ι
784 4166 849 4219 16
887 4167 1056 4233 θεου]
1097 4185 1292 4239 κυριου
1328 4181 1359 4218 Ζ
1388 4164 1397 4232 Ι
1431 4163 1497 4218 17
1536 4183 1717 4218 amm
1753 4184 1849 4224 τας
1884 4167 2061 4217 κυκλω
2098 4182 2125 4215 Ζ
2156 4163 2165 4231 Ι
2210 4163 2277 4218 18
2307 4167 2480 4231 ηλθεν
2514 4164 2613 4219 ΑΙ)

393 4248 483 4317 [ut
516 4249 754 4320 uidetur]
791 4248 914 4304 Effl
938 4254 954 4285 ¹
1003 4253 1012 4317 Ι
1061 4250 1128 4306 18
1166 4251 1362 4310 λουζαν
1397 4267 1424 4301 Ζ
1467 4251 1477 4315 Ι
1533 4248 1602 4302 18
1636 4269 1669 4316 η
1706 4265 1859 4303 εστιν
1896 4258 1963 4307 >
1999 4263 2029 4300 c
2072 4246 2079 4313 Ι
2131 4248 2199 4301 18
2223 4252 2272 4312 ἶ
2298 4266 2451 4303 εστιν
2474 4267 2488 4302 ε
2515 4249 2564 4306 G
2601 4251 2610 4322 Ι

397 4335 463 4388 18
499 4335 596 4409 yn]
635 4356 698 4404 τη
734 4334 779 4389 Ε
833 4337 842 4406 Ι
898 4336 964 4391 19
1000 4336 1056 4406 η]
1099 4355 1232 4403 amn
1271 4334 1345 4402 Ε,
1388 4355 1418 4388 ο
1454 4332 1504 4387 G
1569 4336 1578 4403 Ι
1647 4335 1712 4389 19
1750 4351 1902 4389 εστιν
1936 4334 2035 4388 AD
2074 4334 2160 4403 [ut
2194 4335 2432 4405 uidetur]
2466 4336 2561 4392 EG
2600 4336 2610 4410 Ι

398 4421 464 4475 19
498 4425 672 4489 βεθηλ
706 4423 816 4476 Dcz
881 4422 892 4491 Ι
960 4422 1027 4476 19
1062 4441 1122 4481 ος
1156 4441 1226 4490 ην
1259 4433 1327 4482 >
1366 4419 1416 4475 Gr
