3169 4941
583 435 658 492 24

583 607 816 675 Eschol
877 609 943 673 et
993 605 1168 673 Aner
1225 605 1607 675 Amorraeos
1680 611 1869 694 atque
1929 628 2260 694 germanos
2334 609 2540 675 socios
2614 609 2811 676 fuisse
2857 623 2885 676 1

584 712 898 778 Abrahae.

762 819 847 880 Et
889 821 1244 901 persecutus
1285 823 1373 880 est
1427 838 1528 882 eos
1581 839 1768 901 usque
1828 819 1989 882 Dan.
2096 817 2176 883 ad
2231 807 2568 884 Pho‘enicis
2629 819 2809 901 oppi—

598 919 780 997 dum,
828 920 992 1004 quod
1038 939 1205 985 nuno
1251 921 1497 986 Paneas
1543 919 1791 986 dicitur.
1882 921 2024 986 Dan
2068 923 2283 987 autem
2324 941 2488 987 unus
2535 941 2568 987 e
2616 921 2811 988 fonti-

578 1023 715 1089 bus
762 1025 860 1089 est
901 1023 1204 1089 Iordanis.
1295 1043 1446 1089 nam
1487 1026 1552 1089 et
1594 1025 1757 1090 alter
1800 1027 2066 1091 uocatur
2108 1026 2239 1104 lor,
2292 1024 2459 1108 quod
2499 1025 2812 1109 interpre—
2846 1041 2885 1096 5

585 1129 760 1194 tatur
816 1129 1082 1213 ῥεῖθρον
1100 1180 1115 1209 ,
1197 1128 1264 1192 id
1323 1130 1420 1194 est
1475 1130 1669 1194 riuus.
1801 1129 2041 1194 duobus
2102 1149 2252 1214 ergo
2311 1130 2591 1196 fontibus
2607 1180 2624 1209 ‚
2700 1131 2809 1215 qui

585 1230 755 1297 haud
795 1232 1016 1315 procul
1061 1251 1100 1297 a
1147 1251 1216 1296 se
1263 1231 1532 1311 distant,
1573 1235 1642 1298 in
1684 1253 1884 1299 unum
1928 1233 2203 1300 riuulum
2242 1235 2612 1313 foederatis,
2667 1236 2807 1300 Ior-

585 1334 710 1400 dan
753 1333 809 1400 is
855 1334 1146 1419 deinceps
1186 1335 1558 1419 appellatur.

758 1441 842 1502 Et
887 1441 1283 1503 Inelckisedec
1339 1463 1453 1504 rex
1505 1441 1708 1506 Salem
1755 1443 2023 1526 protulit
2065 1461 2287 1525 panem
2346 1445 2404 1504 et
2447 1445 2657 1504 uinum
2672 1490 2687 1519 ,
2749 1447 2811 1505 et

581 1547 710 1628 ipse
751 1544 1028 1606 sacerdos
1063 1543 1165 1606 dei
1199 1547 1425 1608 eaeeelei
1433 1593 1450 1621 ‚
1495 1550 1551 1608 et
1596 1546 1897 1609 benedixit
1940 1548 2012 1608 ei.
2106 1544 2251 1626 quia
2296 1544 2490 1608 semel
2535 1563 2805 1627 opuscu-
2847 1562 2917 1616 10

583 1645 714 1710 lum
764 1633 1052 1712 nostrum
1109 1646 1216 1712 uel
1259 1647 1698 1730 quaestionum
1746 1647 2183 1712 hebraicarum
2226 1647 2333 1712 uel
2392 1648 2805 1713 traditionum

585 1741 990 1833 congregatio
1058 1753 1187 1826 est,
1256 1753 1589 1842 propterea
1654 1750 1804 1834 quid
1869 1751 2147 1816 Hebraei
2205 1751 2281 1816 de
2347 1752 2467 1816 hoc
2528 1752 2807 1817 sentiant

579 1849 938 1918 inferamus.
1021 1853 1199 1919 aiunt
1238 1854 1407 1919 hunc
1453 1873 1587 1920 esse
1632 1854 1780 1920 Sem
1826 1855 2027 1920 filium
2068 1855 2205 1920 Noe
2223 1905 2238 1932 ‚
2280 1857 2345 1919 et
2390 1856 2804 1939 supputantes

581 1974 779 2021 annos
843 1956 1014 2021 uitae
1075 1957 1272 2041 ipsius
1331 1957 1672 2024 ostendunt
1716 1977 1861 2023 eum
1920 1958 2001 2023 ad
2058 1958 2239 2023 Isaac
2295 1977 2493 2041 usque
2552 1958 2803 2036 uixisse,

585 2078 920 2142 omnesque
976 2061 1429 2145 primogenitos
1487 2062 1658 2141 Noe,
1742 2061 1936 2128 donec
2010 2060 2360 2126 sacerdotio
2432 2062 2803 2147 fungeretur
2845 2065 2915 2120 15

585 2162 832 2241 Aaron,
877 2164 1068 2229 fuisse
1114 2164 1478 2248 pontifices:
1562 2184 1747 2251 porro
1794 2165 2007 2232 Salem
2049 2185 2157 2231 rex
2200 2166 2600 2231 Hierusalem
2646 2165 2803 2230 dici-

584 2268 708 2346 tur,
755 2286 912 2350 quae
951 2268 1124 2353 prius
1151 2267 1360 2334 Salem
1393 2269 1848 2353 appellabatur.
1941 2267 2367 2335 Melchisedec
2396 2271 2609 2334 autem
2651 2269 2802 2340 bea-

585 2373 690 2436 tus
729 2373 1047 2454 apostolus
1096 2373 1175 2437 ad
1198 2373 1538 2451 Hebraeos,
1577 2379 1705 2437 eine
1741 2379 1916 2457 patre
1960 2379 2015 2437 et
2054 2379 2248 2437 matre
2289 2385 2803 2450 commemorans,

585 2474 666 2541 ad
709 2475 1026 2542 Christum
1084 2476 1278 2542 refert
1337 2480 1402 2544 et
1455 2497 1569 2560 per
1614 2479 1929 2544 Christum
1990 2477 2071 2543 ad
2128 2477 2407 2562 gentium
2470 2478 2801 2543 ecclesiam

583 2578 812 2661 (omnis
870 2580 1039 2645 enim
1097 2582 1322 2663 capitis
1369 2581 1572 2665 gloria
1627 2582 1901 2647 refertur
1959 2582 2038 2647 ad
2100 2581 2410 2664 membra)
2472 2600 2578 2661 eo,
2636 2581 2802 2666 quod
2836 2598 2909 2653 20

579 2684 980 2767 praeputium
1052 2685 1292 2750 habens
1353 2685 1680 2751 Abrahae·
1726 2684 2115 2751 benedixerit
2180 2685 2547 2749 circumciso
2608 2687 2672 2750 et
2734 2686 2801 2750 in

581 2786 902 2852 Abraham
941 2788 1095 2854 Leui
1151 2792 1215 2854 et
1257 2808 1369 2872 per
1425 2790 1582 2856 Leui
1622 2789 1891 2868 Aaroni‚
1946 2789 2023 2853 de
2068 2808 2191 2872 quo
2235 2790 2455 2874 postea
2508 2788 2800 2855 sacerdo-

579 2888 769 2955 tium:
843 2910 914 2955 ex
982 2911 1104 2975 quo
1167 2892 1383 2976 colligi
1443 2892 1589 2959 uult
1654 2893 2079 2959 sacerdotium
2146 2891 2446 2957 ecclesiae
2510 2892 2801 2958 habentis

579 2994 978 3077 praeputium
1062 2995 1448 3060 benedixisse
1525 2996 1894 3062 circumciso
1977 2994 2327 3061 sacerdotio
2418 3014 2796 3080 synagogae.

581 3096 748 3179 quod
807 3100 1020 3163 autem
1089 3100 1179 3164 ait
1238 3106 1304 3164 tu
1351 3122 1414 3163 es
1453 3101 1729 3165 sacerdos
1784 3106 1850 3164 in
1908 3106 2211 3165 aeternum
2268 3100 2589 3164 secundum
2644 3101 2803 3164 ordi·
2836 3113 2909 3168 25

577 3220 711 3263 nem
786 3203 1181 3267 Melchisedec
1198 3253 1212 3280 ,
1325 3204 1697 3286 mysterium
1768 3206 2060 3269 nostrum
2144 3204 2211 3268 in
2297 3203 2491 3268 uerbo
2566 3202 2802 3268 ordinis

580 3302 975 3387 significatur
990 3356 1006 3383 ,
1071 3325 1469 3397 nequaquam
1523 3326 1637 3391 per
1680 3306 1898 3372 Aaron
1939 3305 2482 3373 inrationabilibus
2524 3306 2802 3372 uictimis

562 3407 1012 3488 immolandis,
1080 3409 1190 3475 sed
1249 3412 1458 3477 oblato
1517 3430 1677 3496 pane
1740 3414 1803 3477 et
1860 3412 2008 3476 uino
2028 3460 2044 3489 ‚
2117 3411 2183 3475 id
2250 3411 2349 3475 est
2415 3428 2671 3495 corpore
2736 3412 2801 3475 et

580 3512 886 3599 sanguine
933 3512 1170 3579 domini
1209 3517 1372 3580 Iesu.

754 3618 1013 3682 Domine
1053 3620 1214 3696 deae,
1261 3621 1407 3702 quid
1421 3652 1426 3655 ·
1441 3621 1613 3683 dabis
1654 3617 1848 3682 mihi?
1936 3624 1991 3682 et
2034 3640 2138 3702 eqo
2182 3619 2340 3681 uado
2380 3622 2507 3681 sine
2548 3619 2797 3682 libertis:
2835 3634 2910 3688 30

581 3724 639 3784 et
698 3721 872 3800 filius
929 3724 1136 3785 Maseo
1189 3726 1547 3786 uernae-ulae
1617 3743 1782 3785 meae
1844 3724 1943 3784 hie
2002 3722 2343 3785 Damascus·
2396 3723 2652 3785 Eliezer.
2745 3727 2801 3785 et

580 3824 743 3887 dixit
773 3824 1008 3889 Abram
1050 3827 1204 3889 Ecce
1250 3830 1405 3889 mihi
1443 3848 1557 3890 non
1600 3826 1824 3889 dedisti
1860 3846 2085 3888 semen:
2133 3830 2191 3893 et
2214 3826 2399 3906 filius
2442 3826 2800 3889 uernaculae

577 3949 742 3992 meae
791 3932 1002 3993 haeres
1059 3951 1227 4010 meus
1279 3934 1410 3993 erit.
1539 3928 1650 3993 ubi
1721 3946 1835 3993 nos
1892 3928 2195 3993 habemus
2254 3934 2333 3991 et'
2348 3928 2535 4009 filius
2593 3930 2799 3992 Masee

649 4075 684 4129 3
706 4075 817 4125 Gen
837 4075 918 4137 14,
942 4074 1008 4129 14
1045 4073 1054 4145 Ι
1091 4076 1125 4130 9
1145 4079 1253 4128 Gen
1274 4075 1355 4139 14,
1373 4075 1440 4129 18
1460 4076 1524 4130 19
1549 4073 1555 4145 Ι
1583 4074 1649 4130 18
1667 4076 1811 4127 Hebr
1830 4076 1879 4139 7,
1897 4076 1933 4130 3
1955 4073 1961 4144 Ι
1985 4075 2055 4129 25
2087 4074 2157 4125 Ps
2178 4074 2295 4138 110,
2315 4074 2350 4128 4
2372 4071 2379 4142 Ι
2402 4074 2471 4130 30
2486 4076 2595 4126 Gen
2610 4073 2692 4136 15,
2708 4074 2744 4127 2
2764 4074 2797 4127 3

656 4264 661 4268 ,
718 4204 752 4258 6
791 4218 994 4257 moron
1030 4212 1130 4274 βγ,
1165 4222 1386 4276 puppes
1424 4224 1470 4275 φ
1509 4205 1518 4271 Ι
1560 4205 1593 4258 7
1629 4208 1757 4257 haut
1790 4212 1839 4272 β,
1876 4206 2014 4256 haud
2044 4222 2097 4272 γ,
2138 4170 2243 4255 hau
2283 4224 2327 4275 φ
2358 4205 2368 4270 Ι
2402 4203 2489 4268 718
2524 4204 2713 4255 Iordan
2746 4204 2795 4255 is

576 4293 830 4356 lagarda,
867 4292 1098 4343 iordanis
1137 4298 1222 4361 βγ,
1259 4294 1494 4344 iordanes
1530 4312 1574 4362 φ
1606 4292 1615 4358 Ι
1644 4294 1679 4347 9
1716 4292 2086 4343 melchisedech
2122 4296 2196 4359 βγ
2226 4293 2235 4356 Ι
2266 4291 2299 4345 9
2334 4307 2491 4357 panes
2529 4287 2602 4360 φΙ
2629 4291 2695 4345 13
2714 4292 2795 4343 in-

576 4376 796 4429 feramus
815 4381 908 4460 Δμγ,
932 4376 1204 4429 inferemus
1218 4397 1263 4449 φ
1290 4377 1298 4449 Ι
1327 4378 1396 4434 15
1417 4379 1791 4445 primogenitos
1814 4395 1846 4432 a
1867 4395 1963 4431 noe
1980 4397 2024 4449 φ
2052 4374 2060 4447 Ι
2089 4378 2161 4432 20
2182 4377 2367 4446 capitis
2388 4384 2478 4447 βγ,
2506 4378 2798 4451 οοιῬοι-ὶρφ
