3169 4941
615 405 686 461 4⁶

613 567 724 634 ubi
767 589 882 636 nos
925 571 1248 655 posuimus
1291 578 1355 637 in
1383 575 1649 655 fortuna
1681 578 1745 640 et
1790 595 2019 660 graece
2064 576 2293 642 dieitur
2338 572 2403 638 ἐν
2446 568 2600 662 τύχῃ
2620 625 2635 653 ,
2672 587 2843 658 quae
2884 587 2919 641 1

612 675 826 756 potest
870 677 1130 741 euentus
1193 676 1349 756 diei,
1410 677 1476 742 in
1535 679 1809 746 hebraeo
1864 679 2058 746 habet
2110 683 2336 764 bayad,
2390 678 2557 763 quod
2601 678 2845 762 Aquila

611 777 1061 862 interpretatur
1113 787 1278 846 uenit
1313 786 1614 848 accinctio
1628 834 1643 863 ‚
1705 803 1819 850 nos
1862 786 2077 850 autem
2122 784 2328 849 dicere
2388 802 2723 867 possumus
2766 783 2841 846 in

611 882 957 966 procinctu.
1060 888 1134 947 ba
1179 885 1346 949 enim
1402 888 1615 970 potest
1670 889 1735 953 et
1789 887 2315 970 praepositionem
2368 905 2590 952 sonare
2648 885 2717 948 in
2769 888 2843 949 et

609 987 804 1052 uenit.
865 987 944 1052 ab
986 989 1215 1053 euentu
1262 1008 1412 1073 ergo
1457 991 1593 1056 siue
1633 991 1980 1075 procinctu,
2028 991 2134 1076 qui
2171 993 2295 1076 yad
2324 990 2570 1069 dieitur,
2620 989 2833 1054 Zelfae
2870 988 2913 1042 5

609 1089 776 1156 filius
832 1090 972 1156 Gad
1030 1095 1296 1158 uocatus
1362 1096 1476 1160 est.
1713 1088 1721 1095 ’

785 1195 1080 1279 Sequitur
1139 1203 1196 1262 et
1252 1204 1484 1282 peperit
1542 1201 1718 1280 Zelfa
1778 1203 2003 1265 ancilla
2049 1200 2203 1264 Liae
2241 1200 2455 1281 filium
2508 1200 2833 1263 secundum

607 1300 818 1364 Iacob:
878 1305 934 1364 et
991 1302 1152 1365 dixit
1197 1303 1321 1366 Lia
1362 1305 1556 1368 Beata
1610 1326 1717 1387 eyo
1731 1353 1747 1382 ‚
1803 1309 1944 1387 quia
2002 1305 2334 1378 beatificant
2377 1326 2471 1368 me
2528 1305 2833 1382 mulieres,

607 1409 664 1467 et
709 1409 954 1468 uocauit
995 1427 1204 1469 nomen
1241 1411 1372 1470 cius
1410 1407 1589 1484 Aser,
1633 1408 1903 1472 diuitiae.
1974 1405 2140 1472 male
2190 1407 2440 1472 additae
2478 1408 2628 1470 sunt
2666 1405 2830 1469 diui-

605 1508 761 1586 tiae,
814 1507 880 1572 id
925 1510 1022 1573 est
1059 1507 1342 1586 πλοῢτος
1361 1559 1376 1588 ,
1426 1529 1569 1575 eum
1608 1511 1989 1594 etymologia
2029 1511 2301 1576 nominis
2346 1509 2510 1576 Aser
2552 1509 2827 1593 scriptu·
2867 1513 2943 1566 10

605 1631 712 1678 rae
755 1613 1130 1678 auctoritate
1175 1612 1484 1696 pandatur
1529 1615 1796 1680 dicentis
1818 1618 2014 1680 Beata
2057 1637 2192 1678 eum
2236 1637 2361 1698 eyo,
2403 1619 2457 1679 ct
2497 1614 2830 1695 beatificant

605 1739 700 1781 me
755 1719 1040 1781 mulieres
1142 1719 1206 1782 et
1261 1717 1338 1782 ab
1385 1737 1457 1782 eo
1474 1767 1488 1796 ‚
1551 1717 1718 1802 quod
1774 1719 1961 1785 beata
2021 1719 2268 1784 dicatur
2314 1719 2391 1783 ab
2450 1717 2828 1795 hominibus,

604 1819 806 1886 filium
845 1841 1028 1886 suum
1073 1821 1329 1886 beatum
1365 1823 1709 1888 uocauerit.
1799 1822 1961 1888 Aser
2008 1841 2157 1908 ergo
2202 1841 2329 1887 non
2372 1821 2657 1900 diuitiae,
2716 1821 2828 1886 sed

606 1925 827 1991 beatus
885 1924 1110 1990 dieitur
1128 1975 1144 2003 ‚
1212 1926 1540 1992 dumtaxat
1596 1928 1663 1991 in
1718 1928 2036 2012 praesenti
2092 1926 2251 1992 loeo,
2355 1945 2503 1990 nam
2559 1926 2625 1988 in
2684 1923 2826 1989 aliis

607 2028 950 2094 seeundum
992 2030 1476 2114 ambiguitatem
1517 2030 1697 2096 uerbi
1740 2033 2006 2115 possunt
2050 2033 2114 2096 et
2155 2030 2411 2096 diuitiae
2458 2030 2547 2096 sio
2590 2029 2824 2096 uocari.
2863 2033 2939 2086 15

775 2137 858 2198 Et
899 2136 1139 2198 audiuit
1183 2136 1330 2199 deus
1375 2137 1553 2200 Liam
1571 2184 1588 2213 ,
1646 2142 1702 2200 et
1742 2141 2003 2220 concepit
2043 2141 2099 2199 et
2129 2140 2368 2220 peperit
2410 2137 2584 2198 Iacob
2610 2135 2827 2215 filium

605 2243 878 2323 quintum
892 2288 910 2316 ‚
969 2244 1027 2302 et
1072 2239 1232 2302 dz‘xit
1272 2240 1396 2303 Lia
1455 2241 1645 2304 Dedit
1686 2242 1833 2304 deus
1868 2242 2193 2305 mercedem
2237 2261 2429 2304 meam
2444 2287 2462 2315 ‚
2508 2242 2649 2321 quia
2689 2238 2832 2300 dedi

604 2346 891 2408 ancillam
945 2365 1138 2407 meam
1193 2347 1332 2407 uiro
1391 2363 1518 2407 meo
1539 2349 1609 2406 “.·
1670 2348 1727 2407 et
1776 2350 2018 2409 uocauit
2074 2366 2281 2408 nomen
2344 2348 2476 2407 eius
2530 2345 2827 2406 Issackar.

603 2445 1054 2531 etymologiam
1113 2446 1301 2511 huius
1361 2446 1633 2513 nominis
1691 2446 1864 2513 LXX
1916 2447 2295 2531 interpretes
2354 2446 2684 2513 ediderunt
2736 2451 2825 2509 est

601 2573 842 2616 merce&
962 2568 1087 2615 non
1143 2550 1360 2633 utique
1377 2599 1394 2630 ‚
1464 2552 1539 2616 ut
1608 2551 1891 2635 plerique
1954 2551 2167 2618 addito
2219 2551 2583 2635 pronomine
2654 2549 2819 2613 male
2860 2556 2940 2609 20

601 2655 855 2740 legunt,
903 2653 1364 2721 aestimandum
1411 2657 1508 2719 est
1551 2654 1645 2720 ita
1692 2657 1997 2741 seriptum
2042 2674 2179 2722 esse
2224 2654 2390 2739 quod
2436 2661 2492 2719 is
2530 2661 2618 2719 est
2660 2676 2821 2717 mer-

603 2782 698 2824 ces
713 2810 730 2839 ,
794 2758 904 2825 sed
955 2761 1164 2825 totum
1215 2778 1446 2824 nomen
1494 2759 1947 2844 interpretatur
1989 2767 2076 2824 est
2134 2783 2371 2824 merces,
2480 2764 2536 2822 is
2594 2757 2823 2842 quippe

604 2864 834 2929 dieitur
892 2865 990 2928 est
1043 2864 1108 2929 et
1159 2867 1376 2927 sachar
1435 2882 1695 2929 merces.
1793 2866 1913 2931 hoo
1961 2868 2173 2931 autem
2224 2863 2393 2942 ideo,
2450 2864 2598 2947 quia
2648 2880 2824 2927 man-

603 2967 890 3052 dragoris
932 2966 1049 3031 filii
1081 2967 1306 3033 Ruben
1351 2967 1707 3049 introitum,
1750 2970 1855 3053 qui
1894 2969 2157 3035 Racheli
2204 2968 2547 3034 debebatur
2563 3016 2579 3047 ‚
2626 2966 2706 3031 ad
2752 2985 2821 3031 se

599 3073 725 3140 uiri
770 3072 1025 3137 emerat.
2859 3075 2935 3131 25

780 3174 1076 3259 Sequitur
1133 3158 1217 3239 et,
1241 3181 1500 3261 concepit
1541 3177 1736 3241 adhuc
1775 3178 1897 3241 Lia
1956 3181 2013 3241 et
2045 3180 2286 3261 peperit
2320 3176 2536 3257 filium
2582 3180 2823 3238 sextum

601 3282 776 3345 Iacob
793 3330 810 3359 ,
866 3286 924 3344 ct
976 3281 1136 3344 dioeit
1177 3282 1298 3345 Βία
1339 3282 1597 3345 Dotauit
1647 3303 1741 3345 me
1786 3282 1932 3345 deus
1984 3283 2116 3346 dote
2160 3285 2342 3346 bona.-
2396 3302 2467 3345 en
2517 3282 2625 3344 hoc
2678 3284 2825 3343 tem-

589 3407 744 3469 pore
786 3386 1077 3448 habitabit
1117 3406 1348 3449 mecum
1390 3390 1494 3449 uir
1535 3406 1705 3450 meu-s·
1722 3434 1737 3463 ‚
1797 3390 1939 3468 quia
1972 3390 2185 3470 peperi
2226 3390 2286 3449 ei
2325 3406 2433 3448 sex
2453 3385 2631 3466 filios
2649 3387 2702 3464 “‚
2768 3388 2829 3447 et

601 3493 845 3553 uocauit
883 3509 1093 3553 nomen
1129 3492 1262 3553 eius
1309 3490 1591 3553 Zabulon.
1678 3488 1789 3553 ubi
1836 3508 1949 3553 nos
1993 3489 2316 3574 posuimus
2357 3492 2648 3553 habitabit
2690 3510 2823 3551 me-

601 3614 737 3657 cum
783 3594 848 3657 et
881 3592 1052 3657 LXX
1094 3591 1493 3676 interpretati
1537 3595 1687 3658 sunt
1729 3594 1944 3677 diliyet
2003 3615 2127 3672 me,
2186 3593 2253 3657 in
2297 3592 2567 3659 hebraeo
2623 3592 2823 3658 habet
2859 3596 2937 3651 30

600 3698 913 3760 iezbuleni.
1006 3696 1071 3760 et
1115 3698 1213 3761 est
1260 3714 1514 3763 sensus:
1573 3697 1719 3781 quia
1760 3715 1867 3761 sex
1929 3696 2093 3763 filios
2148 3696 2343 3781 genui
2397 3696 2616 3775 Iacob,
2671 3715 2824 3779 pro-

745 3860 778 3915 7
816 3861 925 3913 Gen
959 3860 1045 3923 30,
1084 3859 1152 3913 12
1181 3861 1248 3915 13
1279 3860 1287 3928 Ι
1320 3860 1388 3914 16
1423 3861 1532 3911 Gen
1567 3861 1654 3927 30,
1692 3862 1757 3917 17
1797 3860 1863 3913 18
1893 3861 1901 3929 Ι
1931 3863 2000 3917 26
2034 3863 2142 3913 Gen
2178 3863 2264 3925 30,
2304 3862 2370 3916 19
2404 3862 2475 3917 20

744 4012 776 4068 1
813 4015 1028 4065 οΝπΧΙι
1060 4017 1288 4080 ,βο-ἰείηρ,
1337 4030 1554 4083 eyeyxn
1600 4018 1753 4079 hercl,
1804 4031 2009 4083 nyrrxn
2057 4017 2269 4081 scaphas
2309 4015 2317 4083 Ι
2362 4017 2397 4071 3
2432 4028 2700 4081 possumus
2744 4014 2827 4064 di-

602 4116 714 4153 cere
752 4120 798 4171 φ
830 4100 837 4169 Ι
869 4101 904 4155 8
940 4101 1105 4153 beatifi
1111 4106 1238 4165 gant
1285 4121 1329 4171 φ
1363 4100 1369 4168 Ι
1414 4100 1480 4154 10
1514 4118 1772 4169 nawyooc
1813 4105 1945 4153 berol
1956 4138 1968 4163 ,
2031 4117 2260 4169 moy-roc
2301 4104 2508 4163 scaphas
2522 4136 2535 4162 ‚
2574 4100 2827 4150 nlorroe

587 4191 786 4254 frisinq
816 4185 824 4255 Ι
858 4186 926 4241 12
959 4188 1250 4238 hominibus
1288 4192 1385 4255 βγ,
1427 4188 1659 4239 omnibus
1698 4209 1742 4259 φ
1774 4188 1782 4256 Ι
1813 4188 1885 4243 20
1918 4190 2091 4254 utique
2123 4195 2223 4258 βγ,
2272 4188 2435 4253 igitur
2466 4206 2510 4257 φ
2542 4186 2550 4255 Ι
2582 4185 2747 4253 21122
2783 4187 2835 4239 is

603 4278 683 4323 est
713 4288 906 4325 merces
939 4278 1002 4339 β,
1039 4274 1085 4322 is
1124 4273 1375 4323 demereea
1411 4291 1464 4340 γ,
1509 4280 1588 4325 est
1622 4288 1808 4324 merces
1843 4292 1888 4344 φ
1930 4274 1938 4342 Ι
1984 4274 2145 4342 22s23
2180 4276 2226 4326 is
2403 4288 2593 4325 meroes
2630 4280 2699 4329 >
2740 4294 2779 4344 y
2819 4272 2829 4351 Ι

605 4357 765 4425 22s23
797 4360 844 4410 is
879 4359 964 4424 qui
998 4359 1278 4425 predicitur
1312 4377 1356 4430 φ
1388 4358 1396 4427 Ι
1428 4359 1496 4414 27
1533 4374 1595 4411 en
1628 4365 1729 4429 βγ,
1767 4360 1823 4411 in
1858 4376 1905 4432 φ
