3169 4941
339 592 365 637 1

1327 418 1553 475 Genesis
1588 420 1677 477 37.
2513 412 2614 471 153

398 574 601 670 ἦλθεν
646 578 743 660 εἷς
782 580 1012 665 Συχέμ.
1112 584 1169 624 ¹⁶
1182 580 1291 648 καὶ
1340 573 1513 669 εὗρεν
1560 580 1751 650 αὐτὸν
1793 578 2153 669 ἅνθρωπος
2195 573 2614 663 πλανώμενον

396 680 467 751 ἐν
506 688 601 773 τῷ
634 680 872 773 πεδίῳ·
916 680 1202 775 ἠρώτησε
1242 684 1317 753 δὲ
1345 684 1538 752 αὐτὸν
1568 682 1606 752 ὃ
1635 682 1995 772 ἄνθρωπος
2026 682 2222 769 λέγων
2257 680 2340 749 Τί
2369 682 2617 771 ζητεῖςς

406 785 512 855 1θὸ
560 787 633 855 δὲ
673 782 823 855 εἶπε
875 788 1043 869 Τοὺς
1084 785 1405 879 ἀδελφούς
1444 813 1569 875 μου
1621 790 1785 885 ζητῶ
1798 811 1814 827 ·
1871 781 2264 875 ἀπάγγειλόν
2323 811 2440 871 μοι
2481 788 2615 852 ποῦ

394 891 761 978 βόσκουσιν.
859 898 918 937 ²⁷
932 886 1083 961 εἶπε
1123 893 1195 961 δὲ
1239 895 1413 983 αὐτῷ
1456 890 1493 960 ὃ
1550 892 1909 982 ἄνθρωπος
1954 887 2358 981 Ἀπήρκασιν
2401 889 2612 957 ἒντεῦσ

331 1011 363 1059 ὀ
396 1001 543 1064 θεν·
588 995 827 1087 ἥκουσα
870 998 992 1086 γὰρ
1038 997 1247 1065 αὐτῶν
1283 992 1592 1085 λεγόντων
1632 1001 2076 1082 Πορευθῶμεν
2135 992 2230 1073 εἰς
2265 989 2610 1078 Δωθαείμ.

296 1536 360 1583 10

293 2076 357 2122 15

395 1100 508 1168 καὶ
549 1096 880 1191 ἐπορεύθη
919 1101 1168 1192 Ἰωσὴφ
1228 1097 1607 1169 κατόπισθε
1660 1108 1789 1168 τῶν
1847 1101 2142 1189 ἀδελφῶν
2201 1095 2392 1167 αὐτοῦ
2405 1149 2422 1179 ,
2495 1095 2612 1163 καὶ

395 1197 567 1292 εὗρεν
619 1205 848 1285 αὐτοὺς
903 1204 969 1271 ἐν
1010 1203 1356 1291 Δωθαείμ.
1454 1210 1511 1249 ¹⁸
1536 1208 1845 1294 προεῖδον
1900 1203 1974 1273 δὲ
2027 1202 2220 1272 αὐτὸν
2275 1197 2609 1290 μακρόθεν

396 1308 528 1398 πρὸ
568 1315 682 1377 τοῦ
726 1307 976 1397 ἐγγίσαι
1017 1310 1208 1377 αὐτὸν
1264 1310 1433 1399 πρὸς
1493 1309 1724 1390 αὐτούς
1738 1333 1753 1347 ·
1822 1309 1936 1376 καὶ
1990 1302 2452 1398 ἕπονηρεύοντο
2497 1308 2612 1373 τοῦ

394 1413 782 1481 ἀποκτεῖναι
840 1414 1045 1481 αὐτόν.
1144 1418 1201 1457 ¹⁹
1228 1408 1377 1481 εἷπε
1448 1414 1521 1482 δὲ
1580 1413 1854 1494 ἕκαστος
1923 1414 2094 1503 πρὸς
2151 1412 2263 1480 τὸν
2329 1404 2608 1501 ἀδελφὸν

394 1518 588 1585 αὐτοῦ
621 1518 795 1586 Ἰδοὺ
836 1517 875 1586 ὃ
919 1518 1349 1609 ἕνυπνιαστὴς
1392 1518 1635 1599 ἐκεῖνος
1679 1516 1927 1607 ἔρχεται
1944 1542 1957 1556 ·
2054 1521 2114 1560 ²⁰
2127 1524 2234 1584 νῦν
2277 1512 2387 1584 οὖν
2430 1518 2610 1583 δεῦτε

392 1620 876 1708 ἀποκτείνωμεν
918 1622 1141 1705 αὐτόν,
1189 1623 1300 1690 καὶ
1344 1621 1644 1713 ῥίψωμεν
1691 1623 1886 1691 αὐτὸν
1915 1620 2009 1702 εἰς
2037 1621 2146 1689 ἕνα
2175 1629 2302 1688 τῶν
2337 1620 2636 1703 Mamor„

392 1726 504 1794 καὶ
548 1726 809 1815 ἐροῦμεν
858 1724 1095 1817 Θηρίον
1136 1727 1421 1816 πονηρὸν
1461 1726 1818 1817 κατέφαγεν
1864 1726 2058 1795 αὐτόν
2071 1782 2086 1810 ,
2133 1725 2246 1795 καὶ
2287 1721 2606 1815 ὀψόμεθα

390 1829 459 1899 τί
501 1828 686 1899 ἔσται
730 1831 813 1897 τὰ
868 1830 1137 1898 ε’νύπνια
1192 1832 1400 1901 αὐτοῦ.
1496 1836 1555 1874 ²²
1569 1826 1858 1911 ἀκούσας
1914 1828 1986 1899 δὲ
2019 1828 2280 1921 Ῥουβὴν
2329 1827 2605 1911 ἐξείλετο

392 1936 584 2005 αὐτὸν
620 1936 691 2003 ἐκ
733 1944 863 2003 τῶν
899 1944 1127 2025 χειρῶν
1168 1938 1401 2019 αὐτῶν,
1450 1936 1560 2003 καὶ
1602 1931 1789 2004 εἶπεν
1841 1938 1933 2005 Οὐ
1981 1935 2370 2021 πατάξωμεν
2412 1934 2608 2002 αὐτὸν

392 2039 488 2122 εἰς
515 2037 737 2131 ψυχήν.
790 2034 1009 2108 ”sime
1053 2040 1125 2108 δὲ
1154 2041 1373 2121 αὐτοῖς
1402 2038 1668 2131 Ῥουβὴν
1698 2041 1817 2131 Μὴ
1847 2041 2098 2131 ἐκχέητε
2127 2032 2289 2126 αἷμα
2303 2063 2321 2079 ·
2365 2035 2607 2125 ἐμβάλ-

392 2148 534 2213 λετε
594 2146 788 2214 αὐτὸν
838 2142 934 2225 εἷς
984 2144 1094 2211 ἕνα
1153 2152 1280 2212 τῶν
1332 2145 1586 2212 λάκκων
1639 2142 1880 2213 τούτων
1941 2149 2068 2213 τῶν
2128 2145 2194 2213 ἒν
2241 2152 2321 2236 τῇ
2369 2142 2601 2235 ἐρήμῳ,

391 2382 582 2435 graeco
626 2368 751 2435 [non
800 2370 1100 2424 atramento
1148 2368 1299 2422 tenui
1346 2367 1690 2438 tubingensis
1740 2368 2080 2437 ueteratoris]
2138 2383 2298 2437 super
2330 2366 2548 2422 literam
2583 2385 2606 2418 ι

392 2454 652 2523 scriptum
700 2454 708 2521 Ι
754 2454 822 2508 22
858 2475 951 2523 της
986 2456 1216 2510 alterum
1250 2464 1318 2515 >
1340 2473 1382 2518 a
1426 2456 1436 2522 Ι
1480 2454 1548 2509 22
1579 2474 1800 2523 χευρων
1834 2473 1861 2508 z

534 2542 564 2594 1
602 2546 957 2614 πλανομενον
989 2543 1033 2597 Ε
1058 2548 1120 2595 ¹z
1150 2545 1161 2612 Ι
1191 2543 1225 2596 2
1261 2544 1473 2597 παιδίω
1508 2541 1602 2595 ΑΕ
1622 2547 1641 2577 ¹
1672 2544 1681 2608 Ι
1724 2541 1760 2594 2
1794 2558 2073 2616 ηρωτησεν
2111 2543 2228 2604 ΑΕ,
2266 2561 2360 2594 και
2397 2561 2603 2616 ηρωτη-

394 2644 494 2682 σεν
530 2632 612 2683 mt
641 2628 649 2699 Ι
681 2628 716 2682 2
750 2631 814 2684 δε
851 2640 919 2690 >
954 2633 1035 2683 mt
1066 2633 1075 2696 Ι
1104 2631 1139 2684 2
1179 2633 1357 2699 leym
1390 2639 1459 2690 >
1504 2646 1532 2684 ο
1563 2631 1572 2695 Ι
1604 2631 1639 2684 3
1675 2646 1833 2682 ειπεν
1866 2628 2130 2683 ADEmt²
2161 2632 2168 2696 Ι
2200 2631 2235 2683 3
2272 2632 2605 2700 αναγγειλον

391 2715 441 2768 D
480 2717 600 2782 [snt
638 2718 883 2785 superest
916 2717 1241 2787 αναγγειλο]
1285 2732 1341 2770 cz
1390 2717 1400 2787 Ι
1447 2718 1483 2772 4
1520 2733 1677 2770 ειπεν
1709 2714 1881 2771 ADEt
1902 2721 1920 2752 ¹
1972 2718 1981 2784 Ι
2033 2716 2069 2770 4
2108 2737 2136 2770 ο
2175 2725 2244 2776 >
2279 2732 2313 2770 a
2361 2719 2372 2784 Ι
2429 2717 2461 2770 5
2502 2717 2605 2770 ‹50-

390 2808 568 2875 θαειμ
602 2819 636 2856 a
655 2843 670 2867 ,
708 2804 936 2876 δοθαημ
972 2820 1003 2858 z
1032 2806 1041 2869 Ι
1073 2806 1107 2859 6
1144 2812 1213 2863 >
1234 2803 1279 2856 Ε
1311 2802 1321 2873 Ι
1351 2804 1384 2857 6
1424 2810 1768 2857 κατοπισθεν
1801 2802 1908 2867 Ac,
1943 2810 2190 2858 οπισθεν
2221 2806 2306 2857 mt
2335 2806 2342 2869 Ι
2373 2802 2458 2872 617
2483 2822 2607 2875 ‹pun›
2671 2817 2675 2822 “

392 2908 561 2942 αυτου
596 2909 691 2943 και
729 2908 890 2962 ευρεν
922 2891 982 2944 in
1018 2889 1066 2944 A
1119 2893 1253 2956 „est
1288 2891 1541 2946 correctio
1582 2889 1820 2955 librarii,
1871 2890 1964 2960 qui
1999 2890 2171 2960 primo
2209 2892 2487 2961 scripsisse
2520 2891 2606 2945 ui-

390 2973 549 3030 detm-
579 2977 836 3048 αδελφων
870 2996 1038 3031 αυτου
1075 2995 1153 3036 εις
1186 2980 1281 3030 κτλ
1297 3021 1310 3042 ,
1374 2977 1494 3042 sed,
1566 2993 1687 3032 cum
1729 2993 1959 3033 errorem
2008 2994 2162 3032 suum
2197 2977 2608 3033 animaduertis-

391 3064 473 3116 set
489 3103 503 3126 ,
560 3081 684 3135 φων
731 3083 903 3118 αυτου
953 3063 1129 3119 literis
1180 3064 1419 3118 minimis
1466 3064 1537 3118 ad
1573 3063 1736 3119 finem
1783 3065 1978 3119 lineae·
1995 3066 2362 3134 praecedentis
2398 3064 2607 3119 addidit

390 3151 445 3203 et
460 3190 473 3213 ,
512 3148 718 3204 derasis
751 3149 926 3204 literis
962 3171 1051 3222 φω
1091 3151 1149 3206 in
1181 3151 1337 3205 initio
1379 3151 1553 3205 lineae
1595 3153 1868 3222 sequentis
1890 3191 1903 3215 ,
1939 3152 2176 3223 margini
2213 3152 2458 3208 interiori
2483 3169 2606 3207 oon-

388 3237 716 3290 iunctionem
750 3257 843 3291 και
882 3239 1173 3307 adscripsit
1206 3241 1263 3293 et
1296 3241 1483 3308 postea
1524 3255 1684 3308 super
1725 3240 1902 3308 spatio
1923 3255 2045 3294 raso
2068 3257 2228 3312 ευρεν
2251 3240 2570 3308 rescripsit“
2593 3237 2601 3310 Ι

391 3325 422 3377 7
461 3341 620 3395 ευρεν
660 3343 861 3383 αυτους
898 3343 959 3378 εν
996 3327 1251 3397 δωθαειμ
1289 3334 1357 3384 >
1399 3325 1443 3378 Ε
1510 3328 1519 3391 Ι
1589 3326 1621 3380 7
1655 3329 1874 3394 αυτους]
1917 3345 2083 3380 αυτου
2117 3325 2167 3380 Α
2219 3326 2227 3395 Ι
2296 3326 2328 3380 7
2369 3345 2429 3381 εν
2461 3326 2606 3389 abcz,

390 3425 469 3468 εις
505 3407 603 3463 AD
644 3409 755 3480 [ΟΒ]
782 3414 863 3466 mt
905 3412 915 3478 Ι
960 3414 991 3464 7
1030 3412 1265 3482 δοθαημ
1301 3430 1329 3464 z
1376 3414 1385 3477 Ι
1428 3413 1517 3480 7s9
1551 3428 1687 3482 quae
1723 3413 1866 3467 inter
1898 3414 2168 3486 προειδον
2208 3415 2239 3467 7
2277 3415 2332 3467 et
2370 3432 2536 3466 αυτον
2569 3415 2603 3468 9

390 3495 595 3560 media,
634 3505 702 3555 >
738 3497 917 3563 217
956 3500 1200 3572 προιδον
1232 3496 1542 3568 A[D=b]
1601 3500 1674 3567 17
1718 3501 1780 3552 δε
1819 3517 1998 3552 αυτων
2031 3499 2076 3552 Ε
2121 3501 2131 3568 Ι
2175 3499 2210 3552 8
2246 3518 2414 3553 αυτον
2449 3508 2516 3558 >
2551 3499 2604 3554 D

393 3581 501 3651 [Gn]
531 3583 691 3637 Eamt
732 3585 742 3650 Ι
790 3586 825 3639 8
859 3602 1259 3657 επονηρευοντο
1296 3585 1518 3649 DEabc,
1559 3602 1887 3658 επορευοντο
1920 3584 2000 3649 Α,
2037 3601 2484 3658 επονηρευσαντο
2521 3587 2606 3639 mt

390 3671 447 3722 et
480 3667 516 3722 b
549 3671 609 3723 in
644 3671 913 3744 margi-{ld
966 3670 1057 3725 ubi
1106 3670 1297 3736 „schol
1339 3672 1779 3726 edomvaavrffl
1843 3674 1852 3738 1
1915 3672 1949 3726 8
1982 3693 2083 3727 του
2115 3674 2347 3728 alterum
2383 3683 2451 3733 >
2486 3671 2537 3725 A
2590 3671 2598 3742 Ι

390 3757 425 3811 9
455 3774 625 3810 ειπαν
646 3757 745 3812 AD
769 3758 877 3828 [GR]
906 3759 1057 3822 Em,
1097 3776 1259 3812 ειπον
1282 3776 1309 3810 z
1342 3761 1351 3824 Ι
1380 3758 1413 3812 9
1441 3761 1700 3830 αδελφων
1722 3775 1780 3823 z,
1817 3763 2059 3826 πλησιον
2092 3763 2175 3814 mt
2205 3763 2212 3826 Ι
2247 3763 2313 3816 10
2340 3779 2604 3815 ενυπνια-

388 3849 545 3904 σθεις
582 3860 639 3898 cz
692 3846 701 3913 Ι
759 3848 825 3902 10
862 3846 1017 3899 deme
1053 3855 1121 3905 >
1158 3861 1212 3898 m
1250 3846 1452 3916 [nont]
1508 3849 1518 3911 Ι
1575 3849 1638 3902 11
1680 3846 1784 3900 init
1819 3865 2002 3900 αυτων
2035 3849 2064 3900 t
2113 3849 2124 3913 Ι
2172 3848 2234 3901 11
2275 3859 2521 3920 ριψομεν
2553 3846 2604 3900 A

389 3929 595 3999 [DE-2
615 3930 674 4001 b]
696 3949 723 3983 z
754 3935 763 3999 Ι
798 3933 865 3985 12
900 3950 1113 4005 εφαγεν
1146 3934 1174 3986 t
1203 3935 1211 4002 Ι
1244 3933 1311 3988 13
1348 3949 1504 3986 corat
1544 3933 1882 3995 DEabcmtz,
1917 3948 2069 3986 εστιν
2088 3933 2137 3986 A
2168 3935 2177 4002 Ι
2211 3935 2276 3988 13
2313 3942 2526 4008 ρουβημ
2553 3952 2603 3998 a,

386 4025 594 4090 ρουβιμ
625 4021 735 4072 mtz
766 4020 775 4086 Ι
809 4020 875 4075 13
913 4022 1151 4080 εξειλατο
1177 4018 1351 4072 ADEz
1382 4021 1392 4085 Ι
1425 4019 1493 4073 14
1509 4020 1615 4074 inst
1633 4037 1810 4073 αυτων
1848 4038 1907 4073 εκ
1942 4023 1969 4074 t
1997 4021 2006 4088 Ι
2039 4020 2107 4074 14
2146 4025 2468 4093 παταξομεν
2501 4022 2601 4076 AD

388 4102 507 4174 [GR]
545 4104 681 4159 Eatz
720 4107 730 4173 Ι
771 4107 837 4160 15
876 4124 1001 4160 ειπε
1039 4107 1102 4160 δε
1138 4126 1326 4167 αυτοις
1362 4114 1572 4175 ρουβην
1607 4116 1675 4166 >
1712 4125 1740 4159 z
1786 4108 1795 4172 Ι
1842 4109 1908 4164 15
1943 4125 2100 4160 ειπεν
2133 4105 2324 4176 ΑΕἙῙῚ
2369 4111 2434 4165 15
2472 4129 2602 4179 ρου-

386 4196 500 4262 βημ
542 4209 602 4254 a,
640 4199 843 4264 ρουβιμ
867 4195 949 4247 mt
978 4193 987 4262 Ι
1020 4193 1087 4248 15
1121 4211 1372 4264 εκχεηται
1397 4194 1474 4256 A,
1514 4211 1756 4262 εκχεεται
1797 4211 1828 4247 z
1857 4201 1866 4260 Ι
1899 4193 2053 4262 15116
2089 4197 2352 4266 εμβαλετε
2381 4195 2600 4262 AEcmt,

387 4280 662 4347 εμβαλατε
696 4279 747 4332 D
792 4283 857 4333 ut
900 4279 1115 4334 uidetur
1157 4279 1488 4352 [εμβαλλατε
1532 4278 1724 4334 Grabii
1771 4296 1916 4334 error
1971 4281 2389 4350 typographicus
2418 4283 2600 4339 uidea-

383 4363 527 4432 turJ.
568 4368 843 4436 εμβαλατε
878 4383 906 4418 z
938 4369 947 4433 Ι
978 4368 1045 4422 16
1083 4369 1209 4421 ante
1246 4368 1496 4434 αυτον-Ι-
1519 4368 1581 4421 δε
1615 4367 1695 4422 Ac
1724 4370 1734 4436 Ι
1766 4369 1834 4423 16
1872 4379 2052 4428 sva>
2071 4368 2291 4436 Emtz,
2325 4369 2488 4426 habet
2509 4373 2558 4426 D
2587 4371 2596 4444 Ι

386 4449 454 4505 16
490 4471 589 4505 τον
624 4454 827 4506 λακκον
859 4472 1054 4507 τουτον
1091 4473 1193 4508 τον
1226 4453 1445 4509 Eamtz.
1480 4454 1673 4510 D=b
1703 4458 1714 4522 Ι
1760 4457 1827 4511 16
1864 4475 2071 4511 τουτων
2103 4465 2171 4518 >
2207 4455 2255 4510 Α
