3169 4941
533 382 607 436 30
1450 383 1679 442 Genesis
1714 387 1767 441 8.
1803 386 1857 440 9.

533 539 735 610 αὐτοῦ
746 565 762 581 ·
861 543 1040 612 ”nal
1087 539 1306 612 πάντα
1347 544 1432 612 τὰ
1469 544 1679 636 θηρία
1722 546 1836 614 καὶ
1877 541 2097 614 πάντα
2136 545 2219 612 τὰ
2248 540 2443 636 κτήνη
2486 545 2600 614 καὶ
2627 551 2767 613 πᾶν
2802 564 2827 609 1

533 646 829 717 πετεινὸν
867 647 980 714 καὶ
1023 653 1162 715 πᾶν
1202 644 1480 738 ἑρπετὸν
1525 645 1897 735 κινούμενον
1936 647 2058 719 ἐπὶ
2096 654 2211 739 τῆς
2238 657 2353 740 γῆς
2382 649 2548 716 κατὰ
2580 649 2765 737 γένος

532 747 742 817 αὐτῶν
799 747 1168 842 ἑξήλθοσαν
1226 751 1300 819 ἐκ
1354 759 1469 842 τῆς
1537 761 1834 838 κιβωτου.
1930 758 1993 797 ²⁰
2008 752 2117 820 καὶ
2172 747 2553 844 ᾠκοδόμησε
2609 760 2762 820 Νῶε

530 852 1000 944 θυσιαστήριον
1052 858 1148 944 τῷ
1191 853 1389 945 κυρίῳ
1403 911 1420 942 ,
1497 855 1615 925 καὶ
1657 854 1885 945 ἐλαβεν
1940 854 2079 925 ἀπὸ
2140 852 2400 924 πάντων
2442 861 2568 924 τῶν
2610 882 2760 946 κτη-

528 964 655 1024 νῶν
696 965 828 1026 τῶν
857 965 1174 1086 καθαρῶν
1215 960 1328 1028 καὶ
1371 956 1510 1029 ἀπὸ
1552 958 1823 1029 πάντων
1862 968 1995 1028 τῶν
2040 968 2353 1030 πετεινῶν
2382 965 2508 1028 τῶν
2538 967 2825 1027 καθα-5

528 1068 658 1149 ρῶν
673 1111 691 1146 ,
764 1061 874 1129 καὶ
935 1059 1262 1152 ανήνεγκεν
1318 1061 1414 1144 εἷς
1457 1062 1910 1154 ὃλοκάρπωσιν
1965 1065 2084 1132 ἐπὶ
2127 1065 2207 1132 τὸ
2264 1064 2754 1153 θυσιαστήριον

536 1165 722 1232 ”aaz
779 1162 1148 1256 ὦσφράνθη
1207 1167 1428 1256 κύριος
1483 1164 1522 1235 5
1573 1168 1738 1248 θεὸς
1794 1164 2000 1258 ὀσμὴν
2056 1159 2355 1252 εὐωδίας,
2431 1166 2545 1234 καὶ
2606 1161 2757 1234 εἶπε

527 1265 748 1356 κύριος
803 1267 842 1336 5
895 1267 1062 1349 θεὸς
1114 1269 1494 1360 διανοηθεὶς
1539 1268 1634 1338 Οὔ
1676 1271 2045 1361 προσθήσω
2104 1268 2204 1339 ἔτι
2246 1267 2754 1358 καταράσασθαι

523 1374 642 1462 τὴν
682 1380 796 1464 γῆν
835 1373 948 1440 διὰ
993 1373 1075 1440 τὰ
1117 1371 1272 1462 ἔργα
1311 1382 1442 1440 τῶν
1482 1367 1889 1462 ἀνθρώπων,
1948 1372 2051 1442 ὅτι
2092 1372 2377 1462 ἔγκειται
2412 1371 2453 1465 ἡ
2498 1373 2753 1442 διάνοια

525 1485 641 1545 τοῦ
687 1473 1051 1567 ἀνθρώπου
1102 1473 1430 1563 ἐπιμελῶς
1492 1476 1611 1546 ἐπὶ
1652 1477 1735 1544 τὰ
1779 1478 2033 1567 πονηρὰ
2078 1477 2151 1544 ἐκ
2192 1474 2487 1568 νεότητος
2530 1469 2723 1544 αὐτοῦ
2736 1529 2754 1544 .
2790 1493 2859 1540 10

525 1577 602 1650 οὗ
656 1575 1028 1671 προσθήσω
1089 1575 1196 1648 οὖν
1238 1577 1335 1648 ἔτι
1391 1581 1685 1663 πατάξαι
1741 1589 1963 1648 πᾶσαν
2022 1577 2231 1671 σάρκα
2276 1583 2488 1664 ζῶσιν
2526 1579 2753 1659 καθὼς

526 1683 828 1775 ἐποίησα.
925 1680 1218 1764 Μποῖσας
1252 1684 1372 1764 τὰς
1407 1683 1649 1775 ἡμέρας
1693 1690 1807 1774 τῆς
1834 1689 1947 1776 γῆς
1976 1684 2240 1774 σπέρμα
2268 1685 2382 1751 καὶ
2410 1680 2750 1773 θερισμός,

527 1796 737 1878 ψῦχος
773 1787 890 1856 καὶ
927 1791 1165 1874 καῦμα,
1205 1788 1410 1875 θέρος
1445 1787 1556 1854 καὶ
1594 1785 1709 1877 ἔαρ
1723 1841 1741 1872 ,
1783 1786 2023 1878 ἡμέραν
2065 1789 2178 1856 καὶ
2207 1789 2402 1856 νύκτα
2438 1782 2514 1855 οὗ
2545 1811 2749 1854 κατα-

447 1891 494 1960 9
527 1887 870 1959 παύσουσι.
967 1896 994 1933 ¹
1016 1891 1128 1959 καὶ
1187 1882 1520 1980 εὐλόγησεν
1563 1887 1601 1958 5
1642 1891 1807 1971 θεὸς
1860 1892 1975 1961 τὸν
2020 1897 2173 1960 Νῶε
2225 1892 2339 1961 καὶ
2379 1890 2528 1971 τοὶς
2569 1887 2749 1970 υἱοὺς

525 1992 724 2062 αὐτοῦ
795 1994 909 2061 καὶ
967 1988 1154 2061 εἶπεν
1211 1990 1431 2073 αὐτοῖς
1468 1985 1887 2076 Αὖξάνεσθε,
1924 1995 2036 2062 καὶ
2094 1990 2529 2084 πληθύνεσθε
2542 2047 2558 2076 ,
2634 1992 2749 2060 καὶ
2786 2012 2851 2058 15

521 2229 826 2300 adscriptae
847 2233 973 2285 sunt
997 2246 1031 2284 a
1053 2245 1218 2284 manu
1251 2231 1427 2299 prima
1459 2229 1549 2284 uel
1573 2232 1867 2285 correctore
1888 2231 2302 2285 uetustisshno“
2318 2270 2331 2283 .
2371 2229 2558 2285 eadem
2578 2230 2746 2285 uerba

521 2321 648 2372 ante
694 2337 788 2370 και
824 2337 857 2384 η
911 2335 1051 2387 γυνη
1099 2336 1268 2369 αυτου
1303 2332 1332 2368 1·
1383 2316 1394 2386 Ι
1450 2317 1575 2384 1611
1612 2334 1719 2386 μετ
1759 2337 1927 2370 αυτου
1976 2316 2113 2381 „his
2161 2316 2327 2372 etiam
2371 2317 2610 2380 omissiS,
2646 2317 2743 2370 ad-

521 2403 724 2459 duntur
759 2419 792 2456 a
829 2419 994 2458 manu
1029 2403 1311 2457 secunda“
1347 2401 1420 2456 A:
1457 2412 1525 2462 >
1564 2404 1647 2455 mt

664 2495 694 2548 1
731 2494 857 2560 post
893 2510 1059 2559 κτηνη
1102 2493 1170 2560 -Ι-
1210 2510 1304 2545 και
1339 2508 1522 2543 uana
1559 2509 1627 2542 τοι
1666 2508 1965 2561 κινουμενα
2013 2508 2218 2562 ερπετα
2267 2508 2363 2543 επι
2400 2509 2495 2555 της
2528 2510 2630 2561 γης
2662 2508 2691 2544 r
2730 2492 2739 2562 Ι

521 2578 556 2631 2
594 2595 833 2650 ερπετον
869 2596 961 2630 και
999 2595 1116 2630 παν
1150 2594 1406 2631 πετεινον
1441 2596 1534 2629 και
1574 2594 1693 2629 παν
1733 2575 2169 2647 κεινουμενονΙ)
2191 2576 2352 2645 [teste
2377 2572 2621 2647 Grabio}
2643 2579 2741 2643 ita,

521 2663 630 2717 nisi
664 2663 807 2731 quod
827 2680 1160 2728 κινουμενον
1190 2660 1478 2731 praebent,
1515 2661 1597 2715 Ea
1640 2661 1649 2730 Ι
1694 2661 1727 2714 2
1752 2679 2084 2732 κινουμενον
2103 2671 2171 2721 >
2196 2678 2224 2714 1·
2254 2663 2263 2730 Ι
2306 2661 2393 2729 2s3
2417 2682 2557 2716 κατα
2582 2682 2745 2735 γενος

521 2767 703 2802 amam
735 2758 803 2807 >
839 2764 898 2803 cz
927 2748 938 2818 1
969 2748 1004 2801 3
1039 2750 1271 2815 εξηλθον
1304 2747 1354 2801 D
1395 2746 1556 2816 [teste
1596 2746 1817 2817 Grabio]
1844 2746 2015 2810 Emrt,
2049 2749 2279 2814 εξηλθεν
2302 2763 2360 2801 cz
2390 2748 2401 2817 Ι
2430 2748 2465 2801 3
2500 2752 2627 2817 post
2658 2770 2741 2803 κι-

519 2842 696 2904 βωτου
723 2835 789 2902 -Ι-
815 2852 876 2887 ευ
912 2853 1019 2905 μια
1059 2852 1159 2886 του
1193 2850 1371 2903 μηνος
1403 2852 1508 2887 του
1547 2852 1733 2905 τριτου
1767 2850 1798 2887 z
1828 2833 1837 2903 Ι
1868 2832 1989 2903 3s11
2027 2849 2162 2902 quae
2184 2833 2327 2887 inter
2349 2853 2442 2887 και
2465 2836 2501 2889 3
2538 2838 2595 2889 et
2630 2853 2744 2889 πα·-

519 2925 678 2983 ταξαι
706 2922 769 2975 11
803 2920 980 2975 media
1019 2921 1175 2983 sunt,
1211 2930 1279 2980 >
1317 2920 1367 2973 D
1402 2922 1543 2973 teste
1582 2918 1779 2975 Grabio
1810 2923 1821 2989 Ι
1851 2920 1885 2973 3
1923 2921 2281 2991 ωκοδομησεν
2315 2920 2438 2985 ΑΕ,
2504 2922 2743 2975 ωικοδο-

518 3024 698 3079 μησεν
731 3025 760 3061 r
791 3008 798 3074 Ι
829 3010 864 3063 4
897 3026 1066 3081 κυριῳ
1101 3006 1226 3070 bcz,
1263 3012 1378 3060 θεω
1415 3006 1655 3061 AEamrt
1684 3008 1693 3076 Ι
1722 3007 1759 3061 4
1794 3010 1825 3060 λ
1862 3006 2012 3059 uocis
2051 3008 2245 3074 ελαβεν
2281 3006 2339 3061 in
2368 3023 2557 3061 rasura
2580 3024 2745 3062 manu

474 3163 477 3166 Ι
519 3093 693 3162 prima
715 3093 771 3149 Α,
795 3094 804 3160 Ι
835 3094 868 3146 6
893 3110 1126 3161 ηνεγκεν
1157 3092 1202 3145 Ε
1218 3132 1231 3145 .
1269 3094 1396 3161 post
1427 3109 1729 3162 ανηνεγκεν
1753 3093 1819 3160 -Ι-
1846 3110 1991 3145 αυτω
2015 3093 2098 3145 mt
2127 3092 2137 3159 Ι
2168 3092 2200 3145 6
2224 3109 2301 3151 εις
2324 3090 2415 3157 ab,
2441 3103 2508 3153 >
2533 3093 2745 3147 AEcmr

521 3178 762 3248 [signum
794 3177 1016 3232 lacunae
1063 3176 1275 3232 addidit
1321 3178 1380 3231 in
1422 3178 1561 3233 libro
1610 3179 1796 3232 mutuo
1844 3180 2063 3246 accepto
2102 3179 2405 3231 atramento
2450 3194 2546 3232 suo
2587 3181 2741 3235 tenui

517 3264 920 3333 putidissimum
967 3263 1169 3317 animal
1215 3264 1498 3319 MCrusius
1541 3263 1885 3333 tubingensis
1900 3304 1913 3328 ‚
1973 3264 2083 3333 qui·
2112 3263 2173 3316 in
2208 3262 2463 3317 schedula
2505 3266 2743 3319 testatam

518 3351 774 3422 „perlegi
789 3391 802 3415 ,
838 3350 987 3404 nulla
1011 3349 1157 3403 linea
1181 3368 1320 3419 εμην
1341 3368 1536 3416 νοησιν
1560 3350 1919 3419 effugiente“]
1938 3352 1993 3403 tz
2024 3350 2033 3415 Ι
2065 3350 2097 3403 6
2124 3350 2505 3403 ολοκαυτωσιν
2528 3366 2581 3414 c,
2612 3353 2741 3404 ολο-

519 3454 829 3511 καρπωσεις
861 3438 944 3490 mt
961 3476 974 3489 .
1015 3434 1364 3505 Symmachus
1400 3438 1542 3490 teste
1581 3435 1617 3489 b
1657 3454 1941 3508 αναφορας
1970 3435 1979 3505 Ι
2010 3436 2044 3489 6
2080 3452 2175 3487 επι
2210 3434 2513 3500 Aabcmrtz‚
2555 3454 2633 3495 εις
2654 3434 2737 3507 ΕΙ

519 3526 550 3579 7
591 3529 886 3597 οσφρανθη
914 3541 941 3575 z
973 3524 980 3591 Ι
1013 3525 1044 3577 7
1078 3522 1138 3575 in
1173 3522 1416 3590 margine
1452 3521 1516 3577 b:
1559 3520 1753 3587 „schol
1790 3536 2067 3593 οσφρησιν
2101 3524 2255 3575 καλει
2290 3540 2389 3587 την
2426 3541 2488 3575 το
2526 3530 2743 3591 ευσεβες

518 3609 946 3680 αποδεξαμενην
977 3613 1202 3681 κρισιν“
1245 3608 1256 3676 Ι
1303 3608 1334 3662 7
1372 3627 1402 3660 ο
1427 3614 1560 3667 θεος
1599 3617 1669 3669 >
1692 3608 1773 3668 Ea
1814 3608 1823 3675 Ι
1869 3608 1901 3661 7
1938 3624 2061 3659 ειπε
2098 3607 2163 3661 δε
2199 3624 2227 3659 z
2261 3606 2379 3661 loco
2417 3627 2510 3660 και
2548 3624 2673 3660 ειπε
2726 3606 2737 3679 Ι

517 3694 551 3750 ’1
588 3712 748 3749 ειπεν
770 3692 918 3747 AErt
939 3694 1024 3763 [13²
1041 3693 1188 3764 -—-b]
1219 3695 1230 3763 Ι
1262 3694 1350 3761 7s8
1387 3696 1526 3748 teste
1553 3693 1589 3747 b
1617 3692 1967 3764 Symmachus
1998 3710 2123 3746 ειπε
2148 3712 2337 3765 κυριος
2359 3684 2496 3769 πρὸς
2522 3710 2739 3761 εαυτον,

517 3780 812 3836 Theodotio
848 3797 970 3834 ειπε
1005 3799 1194 3849 κυριος
1229 3798 1372 3852 προς
1407 3798 1506 3846 την
1544 3780 1783 3854 καρδιαν
1820 3799 1988 3833 αυτου
2026 3777 2035 3848 Ι
2066 3778 2100 3832 8
2134 3781 2260 3848 post
2294 3798 2363 3831 ου
2398 3780 2463 3847 -Ι-
2503 3798 2582 3849 μη
2624 3794 2683 3833 cz
2723 3777 2733 3851 Ι

517 3869 551 3923 8
590 3870 716 3938 post
750 3886 832 3921 εῐι
869 3868 936 3935 -Ι-
972 3885 1069 3918 του
1105 3864 1216 3919 Aaz
1253 3867 1262 3935 Ι
1306 3866 1340 3919 8
1374 3871 1799 3939 καταρασασθαι
1836 3882 1917 3917 ετι
1951 3881 1980 3919 1·
2025 3865 2034 3933 Ι
2079 3863 2115 3917 8
2149 3870 2501 3939 καταρασθαι
2540 3881 2597 3928 c,
2636 3884 2738 3917 κα-

516 3959 861 4030 ταρασεσθαι
899 3970 926 4005 z
958 3953 967 4021 Ι
1001 3954 1067 4007 10
1105 3955 1378 4021 επιμελως
1411 3961 1479 4011 >
1515 3967 1550 4005 a
1590 3950 1600 4022 Ι
1645 3954 1713 4006 10
1749 3970 1917 4004 avt-ov
1951 3960 2019 4010 >
2054 3950 2211 4005 ΑΕΒΖ
2254 3952 2265 4016 Ι
2313 3950 2378 4004 11
2418 3954 2510 4017 ετῆ
2543 3949 2619 4015 Ε,
2655 3968 2736 4003 en

513 4050 582 4101 >
619 4057 706 4095 oz.
741 4040 916 4108 prima
951 4054 1113 4092 manu
1149 4053 1311 4107 supra
1342 4052 1557 4091 uersum
1587 4034 1754 4091 habet
1789 4053 1844 4089 m
1886 4036 1895 4105 Ι
1942 4036 2005 4090 11
2044 4038 2229 4097 ζωσαν
2263 4045 2331 4096 >
2368 4035 2413 4088 Ε
2445 4037 2455 4101 Ι
2501 4035 2568 4091 12
2608 4037 2738 4089 ante

515 4141 702 4185 πασας
737 4127 803 4193 -Ι-
838 4144 932 4178 και
967 4126 995 4177 t
1037 4124 1045 4192 Ι
1089 4124 1156 4179 12
1193 4141 1381 4182 πασας
1412 4142 1508 4182 τας
1542 4141 1749 4195 ημερας
1790 4142 1881 4189 της
1917 4140 2019 4192 γης
2051 4131 2120 4182 >
2156 4137 2214 4175 m
2252 4122 2261 4191 Ι
2317 4122 2386 4178 13
2420 4128 2621 4193 θαυμα
2650 4138 2684 4177 z
2723 4121 2733 4193 Ι

515 4212 580 4263 13
624 4213 750 4277 post
799 4216 962 4285 θερος
998 4226 1056 4263 m
1100 4209 1184 4263 bis
1221 4208 1440 4278 scripsit
1481 4228 1574 4261 και
1645 4208 1654 4276 Ι
1720 4208 1789 4263 13
1824 4225 1922 4277 εαρ
1972 4225 2065 4258 και
2106 4224 2285 4279 ημερα
2327 4205 2436 4259 και
2458 4211 2560 4269 νυξ
2593 4209 2677 4261 mt
2724 4208 2733 4279 Ι

516 4293 585 4348 14
618 4309 932 4347 παυσουσιν
965 4294 1173 4348 AEcmr
1225 4297 1234 4363 Ι
1298 4296 1366 4350 14
1403 4296 1709 4363 ηυλογησεν
1744 4292 1843 4347 AD
1886 4292 2047 4362 [teste
2077 4288 2299 4363 Grabio]
2337 4293 2413 4348 Ez
2467 4296 2478 4362 Ι
2532 4294 2600 4347 14
2635 4313 2736 4350 τον

514 4386 582 4437 >
621 4392 650 4430 0
