3169 4941
2530 443 2602 500 55

317 609 347 664 1
382 605 470 666 est
520 599 674 664 καθ’
721 592 876 667 ὁδὸν
926 601 1038 688 τῆς
1081 605 1227 689 γῆς,
1285 602 1350 668 id
1396 591 1606 669 est‘in
1647 603 1874 670 itinere
1915 607 2153 684 terrae,
2212 610 2498 672 introiens
2541 611 2605 674 in

381 707 774 790 Ephratham.
863 706 974 772 sed
1017 705 1240 773 melius
1287 710 1404 787 est,
1451 707 1505 773 si
1545 707 1963 801 transferatur
2008 709 2113 788 ‚',in
2155 708 2355 776 electo
2396 711 2605 777 terrae

382 809 664 893 tempore
677 857 694 888 ‚
745 828 893 876 cum
933 809 1226 876 introiret
1267 811 1659 894 Ephratham
1674 815 1731 878 “.
1817 829 2003 897 porro
2044 831 2311 880 uernum
2351 815 2602 900 tempus

382 911 729 998 significat,
789 932 934 979 cum
971 914 1039 978 in
1080 913 1297 980 florem
1343 916 1568 980 cuncta
1611 916 1988 1001 rumpuntur
2035 917 2103 982 et
2162 917 2313 982 anni
2352 917 2603 1003 tempus

312 1024 348 1080 5
381 1014 654 1082 electum
695 1017 816 1095 est,
871 1015 975 1082 uel
1017 1035 1160 1083 cum
1199 1017 1599 1084 transeuntes
1655 1036 1771 1104 per
1826 1019 2000 1086 uiam
2054 1022 2320 1106 carpunt
2377 1022 2443 1087 et
2488 1021 2605 1088 eli-

381 1119 544 1206 gunt
587 1137 621 1185 e
663 1119 890 1186 uicinis
935 1120 1106 1205 agris
1148 1120 1580 1206 quodcumque
1630 1121 1711 1189 ad
1754 1141 2008 1190 manum
2054 1124 2333 1206 uenerit,
2399 1124 2606 1192 diuer-

382 1221 468 1290 sis
512 1222 770 1289 floribus
811 1223 1086 1290 inuitati.
1162 1225 1485 1309 Ephratha
1518 1244 1673 1306 uero
1721 1228 1786 1292 et
1827 1227 2160 1296 Bethleem
2198 1228 2383 1294 unius
2425 1229 2604 1296 urbis

380 1325 760 1394 uocabulum
803 1327 902 1394 est
945 1328 1062 1394 sub
1109 1327 1626 1414 interpretatione
1674 1329 2005 1400 consimili.
2106 1330 2165 1396 'si
2226 1331 2481 1416 quidem
2536 1333 2603 1400 in

349 1429 750 1518 ,frugiferam
791 1432 856 1497 et
905 1430 973 1496 in
1031 1430 1285 1500 domum
1328 1435 1509 1520 panis
1553 1435 1825 1502 uertitur
1866 1438 2123 1523 propter
2167 1454 2315 1503 eum
2355 1455 2603 1521 panem²

277 1553 348 1608 ιο
382 1535 490 1620 qui
536 1535 612 1601 de
656 1535 830 1602 caelo
875 1536 1266 1603 descendisse
1313 1556 1381 1604 se
1428 1535 1598 1606 dicit.

555 1643 638 1704 Et
673 1641 916 1722 factum
957 1646 1044 1705 eet
1053 1689 1072 1720 ,
1123 1663 1259 1706 cum
1302 1643 1631 1708 dimitteret
1662 1663 1793 1707 eam
1834 1646 2035 1708 anima
2094 1645 2425 1728 (siquidem
2482 1667 2603 1710 mo-

378 1747 710 1825 riebatur),
789 1747 1031 1808 uocauit
1083 1767 1292 1810 nomen
1335 1750 1468 1812 eius
1506 1748 1716 1810 Filius
1758 1746 1987 1810 doloris
2029 1752 2177 1826 mei,
2227 1753 2411 1832 pater
2460 1769 2606 1813 uero

379 1851 511 1911 eius
575 1852 817 1912 uocauit
871 1869 1080 1914 nomen
1141 1853 1274 1914 eius
1329 1851 1669 1914 Beniamin.
1787 1848 1857 1916 in
1923 1848 2191 1916 hebraeo
2257 1850 2603 1917 similitudo

366 1948 650 2050 'nominis
695 1951 984 2017 resonatz
1040 1950 1206 2018 filius
1251 1951 1422 2020 enim
1473 1950 1708 2020 doloris
1750 1953 1909 2033 mei,
1970 1953 2137 2036 quod
2192 1973 2419 2020 nomen
2466 1973 2605 2022 mo·-

279 2072 346 2127 15
380 2053 550 2120 riens
608 2055 812 2120 mater
867 2053 1146 2139 inposuit
1162 2103 1178 2134 ,
1237 2054 1468 2121 dicitur
1501 2059 1787 2136 Beneni,
1853 2056 2022 2123 filius
2077 2075 2227 2124 uero
2293 2057 2603 2139 dexterae,

378 2158 500 2223 hoc
541 2159 640 2223 est
679 2156 936 2224 uirtutis
949 2205 966 2237 ‚
1017 2157 1183 2240 quod
1243 2159 1431 2225 Iacob
1491 2159 1801 2240 mutauit,
1858 2159 2213 2246 appellatur
2257 2165 2599 2227 Beniamin.

381 2260 548 2326 unde
607 2261 847 2340 errant,
906 2261 1013 2344 qui
1070 2263 1298 2344 putant
1337 2262 1672 2328 Beniamin
1724 2262 1929 2330 filium
1988 2264 2233 2331 dierum
2290 2265 2601 2350 interpre-

380 2363 526 2430 tari.
625 2381 771 2428 cum
819 2363 988 2430 enim
1033 2363 1288 2432 dextera
1331 2366 1686 2449 appelletur
1739 2371 1928 2432 iamin
1990 2368 2055 2434 et
2111 2367 2368 2434 finiatur
2432 2367 2500 2434 in
2557 2388 2604 2434 N
2645 2375 2673 2396 ⁰

380 2466 661 2548 literam,
728 2466 861 2535 dies
907 2467 1160 2552 quidem
1202 2469 1599 2556 appellantur
1650 2474 1717 2537 et
1768 2470 1892 2557 ipsi
1950 2476 2194 2553 iamim,
2254 2472 2367 2539 sed
2422 2473 2490 2539 in
2548 2491 2603 2539 M

279 2578 350 2635 20
381 2572 634 2639 literam
676 2573 1116 2640 terminantur.

554 2681 639 2743 Et
683 2679 996 2764 profectus·
1039 2684 1125 2743 est
1167 2680 1437 2745 Israhel:
1487 2686 1544 2745 et
1604 2681 1869 2745 extendit
1923 2681 2373 2745 tabernaculum
2426 2703 2604 2745 suum

380 2787 548 2846 trans
605 2787 828 2847 turrim
877 2783 1065 2847 Ader.
1172 2784 1344 2848 huno
1393 2781 1607 2849 locum
1666 2802 1803 2850 esse
1843 2783 2121 2853 Hebraei
2178 2783 2435 2861 uolunt,
2495 2783 2605 2849 ubi

382 2888 602 2977 posffla
642 2885 954 2970 templum
992 2884 1393 2953 aedificatum
1435 2888 1564 2967 est,
1608 2888 1675 2952 et
1712 2886 1941 2953 turrim
1974 2886 2147 2953 Ader
2191 2887 2421 2953 turrim
2456 2906 2603 2973 gre-

383 2990 482 3075 gis
541 2988 912 3075 significari,
990 2990 1110 3056 hoc
1171 2992 1270 3057 est
1330 2990 1839 3076 congregationis
1900 2991 1967 3057 et
2022 2993 2267 3058 coetus:
2327 2990 2493 3074 quod
2540 2992 2607 3057 et

278 3110 348 3165 25
381 3094 704 3159 Michaeas
733 3094 1042 3185 propheta
1079 3094 1352 3161 testatur
1395 3093 1622 3161 dicens·
1646 3101 1702 3159 et
1742 3101 1807 3160 tu
1849 3100 2043 3160 turris
2074 3100 2281 3180 yreyis
2308 3097 2605 3173 nebulosa,

189 3198 198 3206 ‘
365 3197 514 3279 filia
552 3197 696 3261 Sion
747 3199 814 3263 et
859 3197 1094 3263 cetera:
1157 3197 1392 3281 illoque
1432 3200 1715 3283 tempore
1760 3198 1951 3266 Iacob
1994 3200 2172 3265 trans
2215 3199 2453 3274 locum,
2496 3198 2606 3263 ubi

381 3301 602 3384 postea
653 3298 962 3387 templum
1005 3298 1408 3367 aedificatum
1451 3304 1582 3380 est,
1639 3303 1933 3369 habuisse
1984 3302 2275 3368 tentoria.
2381 3297 2493 3368 sed
2550 3300 2607 3367 si

383 3421 720 3486 sequamur
779 3400 1065 3469 ordinem
1125 3403 1298 3482 uiae,
1391 3405 1720 3486 pastorum
1789 3404 1967 3471 iuxta
2020 3405 2355 3471 Bethleem
2425 3403 2605 3470 locus

383 3506 508 3585 est,
551 3504 662 3571 ubi
699 3505 805 3572 uel
851 3505 1216 3590 angelorum
1258 3524 1412 3590 grex
1447 3506 1515 3570 in
1547 3508 1691 3571 ortu
1735 3505 1971 3572 domini
2011 3507 2242 3573 cecinit
2279 3505 2384 3571 uel
2414 3503 2604 3572 Iacob

277 3633 350 3688 30
383 3627 611 3694 pecora
666 3627 778 3675 sua
823 3608 1034 3694 pauit,
1102 3608 1242 3675 loco
1302 3626 1531 3676 nomen
1591 3609 1895 3693 inponens
1912 3659 1927 3690 ‚
1999 3608 2106 3675 uel
2162 3608 2352 3694 (quod
2394 3608 2605 3675 uerius

385 3712 508 3796 est)
567 3711 840 3797 quodam
899 3711 1196 3779 uaticinio
1253 3710 1540 3779 futurum
1594 3711 1723 3779 iam
1780 3715 1937 3779 tnnc
1990 3712 2365 3797 mysterium
2420 3730 2604 3779 mon-

385 3816 727 3885 strabatur.
2402 3838 2436 3877 .·

556 3923 641 3985 Et
683 3924 849 3985 uenit
877 3921 1051 3985 Iacob
1087 3919 1166 3985 ad
1193 3920 1367 3985 Isaac
1397 3924 1641 4005 patrem
1680 3940 1861 3985 suum
1899 3924 1963 3983 in
1996 3921 2273 3985 Mambre
2300 3922 2605 3984 ciuitatem

384 4024 584 4090 Arbce
597 4074 615 4103 ‚
669 4027 814 4089 haec
857 4029 945 4089 eet
984 4024 1265 4088 Ghebron.
1363 4041 1477 4108 pro
1519 4028 1693 4089 arbee
1732 4022 1802 4089 in
1835 4022 2006 4113 LXX
2048 4042 2341 4109 campum
2392 4021 2603 4100 habet,

493 4140 561 4196 10
581 4140 678 4191 Ioh
691 4140 743 4206 6,
769 4139 836 4195 51
862 4138 954 4209 111
975 4138 1084 4192 Gen
1097 4138 1184 4205 35,-
1212 4137 1302 4209 181
1325 4139 1390 4193 21
1419 4140 1528 4191 Gen
1553 4138 1637 4203 35,
1664 4140 1730 4194 21
1755 4137 1854 4209 125
1887 4141 2028 4192 Mich
2052 4140 2103 4205 4,
2128 4138 2188 4209 81
2216 4140 2286 4196 33
2304 4141 2413 4191 Gen
2431 4137 2515 4201 35,
2534 4139 2603 4194 2⁰7

529 4239 557 4293 1
595 4240 939 4292 kaeodonrhe
975 4241 1071 4290 rhe
1093 4243 1232 4306 fris,
1276 4239 1426 4292 kaeu»
1463 4255 1796 4293 nonenoenc
1835 4243 1992 4305 ber-ol,
2036 4245 2091 4290 in
2126 4256 2218 4305 quo
2252 4254 2362 4291 οπο
2401 4242 2605 4289 altorum

383 4330 619 4379 deletam:
673 4328 986 4377 tolerabiliter
1021 4329 1252 4392 loquutur
1293 4328 1348 4376 in
1389 4328 1693 4388 scaphusaeno
1724 4325 1733 4395 1
1766 4328 1834 4382 18
1870 4327 2161 4393 appellatur
2195 4322 2269 4395 βγ
2302 4324 2309 4393 1
2342 4325 2409 4380 19
2448 4325 2603 4378 iamin

385 4408 1769 4487 y,iammim‹pl2223turremcpl25tu>cp
