3169 4941
1317 381 1546 450 Genesis
1581 395 2587 458 5.1‘1

288 567 314 612 1
344 544 538 628 Ἐνώς
574 549 742 633 μετὰ
781 549 860 618 τὸ
902 554 1192 646 γεννῆσαι
1249 544 1444 620 αὐτὸν
1491 553 1606 622 τὸν
1664 559 1919 622 Καινᾶν
1962 555 2429 627 πεντεκαίδεκα
2480 559 2593 650 ἐτη

350 652 464 718 καὶ
521 649 893 720 επτακόσια
906 707 923 737 ,
987 655 1100 720 καὶ
1159 654 1486 744 ἐγέννησεν
1535 654 1710 738 υἱοὺς
1766 658 1879 726 καὶ
1910 662 2309 788 θυγατέρας.
2403 669 2463 708 ¹¹
2480 664 2591 731 καὶ

351 755 648 842 ἐγένοντο
706 764 923 824 πᾶσαι
979 783 1048 824 αι
1114 756 1344 848 ἡμέραι
1401 753 1595 841 Ἐνώς
1650 761 1851 830 πέντε
1902 760 2013 854 ἐτη
2064 765 2172 833 καὶ
2228 765 2589 853 ἐννακόσια,

350 860 466 926 καὶ
510 861 839 928 ἀπέθανε.
914 866 974 904 ²²
987 862 1098 930 καὶ
1149 860 1333 952 ἔζησε
1391 869 1651 930 Καινᾶν
1708 863 2153 957 ἑβδομήκοντα
2204 870 2315 938 καὶ
2360 867 2591 940 ἑκατὸν

287 983 318 1028 5
351 960 466 1052 ἔτη
508 965 617 1031 καὶ
663 963 960 1054 ἐγέννησε
1003 965 1119 1032 τὸν
1146 968 1508 1056 Μαλελεήλ.
1567 972 1626 1012 ¹⁸
1641 969 1751 1036 καὶ
1792 968 1977 1060 έζησε
2020 979 2273 1039 Καινᾶν
2311 974 2478 1058 μετὰ
2514 975 2591 1044 τὸ

350 1074 652 1156 γεννῆσαι
709 1065 902 1135 αὐτὸν
947 1069 1063 1136 τὸν
1116 1071 1466 1160 Μαλελεὴλ
1522 1072 2002 1159 τεσσαράκοντα
2056 1074 2170 1142 καὶ
2226 1072 2593 1146 επτακόσια

351 1168 510 1296 ⁶⁵ch
541 1171 652 1237 καὶ
696 1169 1024 1259 ἐγέννησεν
1053 1169 1232 1252 υιούς
1267 1173 1380 1240 καὶ
1409 1173 1793 1262 θυγατέρας.
1851 1177 2031 1244 1θ’καιῖ
2064 1176 2349 1265 ἐγένοντο
2382 1189 2596 1248 πᾶσαι

352 1299 422 1338 αι
476 1270 708 1363 ἡμέραι
766 1279 1020 1342 Καινᾶν
1078 1275 1238 1343 δέκα
1299 1303 1411 1366 ετη
1466 1277 1579 1344 καὶ
1646 1276 2017 1364 ἐννακόσια,
2083 1281 2195 1348 καὶ
2268 1278 2589 1352 απέθανε.

345 1379 420 1454 ,1⁵
433 1375 544 1442 καὶ
597 1374 784 1466 ἐ’ζησε
839 1379 1186 1468 Manem).
1247 1378 1446 1446 πέντε
1505 1381 1619 1449 καὶ
1678 1378 1987 1472 ἑξήκοντα
2045 1383 2159 1451 καὶ
2209 1381 2437 1454 ἑκατὸν
2473 1384 2591 1476 ἐ’τη

258 1495 320 1542 10
352 1480 463 1546 καὶ
508 1479 806 1570 ἐγέννησε
843 1481 958 1548 τὸν
991 1479 1202 1571 Ἰάρεδ.
1277 1489 1336 1528 ²⁶
1349 1484 1461 1550 καὶ
1500 1481 1688 1574 ’έζησε
1729 1488 2078 1576 Μαλελεὴλ
2120 1490 2285 1572 μετὰ
2329 1490 2407 1558 τὸ
2448 1514 2588 1577 γεν-

349 1588 539 1673 νῆσαι
599 1577 794 1651 αὐτὸν
843 1585 958 1651 τὸν
1006 1582 1212 1673 Ἰάρεδ
1264 1583 1380 1675 ’έτη
1433 1584 1780 1674 τριάκοντα
1847 1591 1960 1656 καὶ
2025 1586 2390 1658 ἑπτακόσια
2404 1645 2421 1675 ,
2479 1593 2589 1660 καὶ

351 1687 668 1776 ἐγέννησεν
703 1685 886 1768 υἱοὺς
913 1688 1028 1754 καὶ
1051 1689 1431 1779 θυγατέρας.
1481 1692 1665 1759 Ηκαὶ
1694 1691 1989 1778 ἐγένοντο
2016 1703 2233 1760 πᾶσαι
2257 1690 2325 1760 αἱ
2359 1691 2585 1784 ἡμέραι

349 1791 696 1879 Μαλελεήλ
724 1787 840 1879 ’έτη
881 1789 1078 1858 πέντε
1116 1792 1229 1858 καὶ
1270 1789 1645 1882 ἐνενήκοντα
1690 1795 1800 1862 καὶ
1843 1792 2227 1879 ὀκτακόσια,
2272 1796 2379 1864 καὶ
2418 1794 2587 1866 ἀπέ-

350 1900 530 1961 θανε.
583 1894 768 1961 18καὶ
794 1891 1016 1983 ’έζησεν
1039 1891 1243 1984 Ἰάρεδ
1271 1892 1388 1963 δύο
1429 1897 1543 1964 καὶ
1583 1893 1887 1988 ἐξήκοντα
1926 1897 2043 1988 ἔτη
2073 1899 2185 1967 καὶ
2210 1895 2441 1968 ἑκατὸν
2471 1901 2585 1969 καὶ

490 2070 518 2122 1
557 2086 727 2121 αυτον
759 2068 1087 2133 AEbcmxtz,
1145 2069 1298 2139 αὐτῷ
1330 2085 1364 2124 a.
1394 2074 1403 2137 Ι
1455 2072 1539 2140 1s2
1575 2073 1971 2126 πεντεκαιδεκα
2011 2092 2100 2140 ετη
2136 2093 2233 2128 και
2272 2090 2577 2129 επτακοσια

347 2153 458 2208 Eab
472 2195 487 2219 ,
561 2171 725 2208 πέντε
773 2173 866 2221 ετη
917 2174 1014 2207 και
1049 2172 1362 2210 επτακοσια
1393 2173 1422 2210 r
1435 2198 1450 2222 ,
1522 2174 1829 2212 επτακοσια
1877 2177 1972 2212 και
2028 2160 2333 2214 δεκαπέντε
2384 2178 2473 2226 ετη
2510 2159 2575 2226 Α,

349 2257 438 2306 ετη
484 2254 792 2292 επτακοσια
835 2240 1136 2293 δεκαπεντε
1173 2256 1286 2305 cm,
1325 2259 1416 2308 ετη
1455 2257 1752 2296 εννακοσια
1798 2243 2105 2296 δεκαπεντε
2146 2243 2205 2307 t,
2244 2262 2337 2310 ετη
2378 2257 2479 2313 ψιε
2504 2263 2532 2298 z
2562 2245 2573 2316 Ι

347 2325 382 2378 3
416 2344 708 2395 εγεννοντο
747 2341 776 2379 c
813 2329 823 2394 Ι
867 2326 902 2379 3
936 2346 1112 2399 ημραι
1147 2325 1228 2379 E²
1275 2329 1285 2394 Ι
1334 2328 1368 2380 3
1405 2345 1572 2381 πεντε
1612 2345 1701 2394 ετη
1743 2347 1836 2381 και
1876 2343 2169 2382 εννακοσια
2206 2328 2383 2392 Eabr,
2422 2347 2579 2383 εννα-

347 2427 512 2466 κοσια
547 2431 642 2465 και
679 2429 846 2465 πέντε
883 2430 971 2480 ετη
1010 2411 1086 2478 A,
1122 2431 1286 2466 πεντε
1317 2432 1406 2481 ern
1442 2432 1538 2466 και
1575 2427 1871 2466 εννακοσια
1908 2431 1999 2480 tuq
2033 2414 2083 2467 D
2112 2413 2228 2483 [GR]
2249 2454 2262 2477 ,
2299 2432 2391 2482 ετη
2418 2433 2579 2468 εννα-

349 2514 515 2551 κοσια
553 2516 722 2551 πεντε
759 2501 894 2564 emt,
935 2517 1025 2567 ετη
1062 2514 1144 2561 ms
1173 2517 1204 2554 z
1235 2502 1244 2565 Ι
1273 2502 1310 2556 4
1353 2505 1647 2553 απεθανεν
1682 2498 1861 2553 AEcrt
1898 2499 2146 2569 [τ’-τὴ]
2181 2502 2190 2566 Ι
2244 2500 2281 2553 4
2316 2503 2582 2555 commata

349 2585 494 2638 12—
513 2584 582 2639 18
619 2595 688 2644 >
726 2585 778 2638 D
831 2585 945 2655 [GR]
1015 2588 1024 2653 Ι
1093 2586 1131 2640 4
1171 2588 1357 2653 εζησεν
1391 2585 1541 2639 AErt
1578 2587 1749 2656 [t²=
1771 2585 1827 2655 b]
1875 2586 1884 2655 Ι
1942 2585 2031 2656 415
2065 2587 2446 2658 εβδομηκοντα
2482 2606 2576 2641 και

347 2688 541 2725 εκατον
585 2688 674 2737 ετη
703 2670 801 2735 ab,
839 2689 1044 2725 εκατον
1076 2672 1463 2744 εβδομηκοντα
1506 2690 1595 2739 ετη
1638 2670 1716 2737 Α,
1756 2691 1847 2739 ετη
1883 2690 2084 2726 εκατον
2123 2672 2503 2745 εβδομηκοντα
2534 2690 2581 2739 e,

346 2774 433 2823 ετη
471 2776 502 2809 ο
543 2776 638 2811 και
678 2778 709 2827 ρ
749 2775 806 2821 r,
865 2759 1248 2829 εβδομηκοντα
1286 2775 1375 2824 ετη
1414 2777 1504 2810 και
1544 2775 1741 2811 εκατον
1774 2758 1925 2823 Emt,
1988 2776 2078 2825 ετη
2115 2775 2195 2832 ρπ
2229 2776 2261 2813 z
2291 2761 2301 2825 Ι
2347 2759 2379 2813 5
2418 2778 2574 2829 εγεν-

343 2857 512 2909 νησεν
547 2842 700 2896 AErt
731 2845 739 2909 Ι
771 2843 804 2896 5
843 2846 1103 2913 μελελεηλ
1132 2859 1160 2897 c
1192 2846 1201 2909 Ι
1232 2843 1265 2897 5
1301 2844 1491 2910 εζησεν
1511 2841 1635 2897 AEr
1666 2847 1675 2911 Ι
1706 2847 1739 2900 6
1766 2864 1935 2898 αυτον
1956 2843 2287 2908 AEbemrtz,
2326 2846 2475 2914 αὐτῷ
2501 2862 2534 2899 a
2562 2846 2571 2916 Ι

346 2928 379 2981 6
415 2946 514 2980 τον
551 2938 620 2988 >
663 2946 694 2982 z
749 2931 758 2994 Ι
815 2930 848 2982 6
884 2932 1146 3000 μελελεηλ
1184 2945 1213 2983 ο
1252 2932 1262 2995 Ι
1315 2928 1404 2999 617
1439 2920 1851 3002 τεσσάρακοντα
1890 2950 1983 2984 και
2020 2946 2327 2984 επτακοσια
2364 2948 2453 2997 ετη
2490 2930 2575 2994 ab,

343 3029 654 3067 επτακοσια
705 3034 800 3068 και
851 3029 1253 3090 τεσσερακοντα
1303 3032 1394 3082 ern
1443 3014 1520 3079 A,
1592 3030 2012 3089 τεσσαρακοντα
2036 3030 2045 3039 ’
2072 3034 2164 3083 ετη
2209 3035 2305 3069 και
2340 3033 2575 3069 επτακο-

343 3115 438 3152 σια
472 3100 628 3164 Emt,
677 3118 767 3166 ετη
803 3120 848 3171 μ
885 3120 978 3153 και
1015 3112 1062 3170 ψ
1093 3118 1150 3165 r,
1203 3120 1292 3167 ετη
1331 3118 1637 3155 επτακοσια
1670 3117 2081 3175 τεσσαρακοντα
2117 3117 2146 3156 c
2165 3141 2179 3166 ,
2234 3120 2323 3169 ετη
2364 3114 2454 3174 ψμ
2496 3120 2525 3155 z
2563 3102 2571 3172 Ι

343 3184 378 3239 8
413 3186 548 3239 &xa
585 3203 676 3251 ετη
713 3204 808 3238 και
857 3201 1154 3239 εννακοσια
1193 3185 1418 3240 Eabmrt
1435 3226 1449 3251 ,
1523 3202 1820 3240 εννακοσια
1871 3207 1965 3240 και
2017 3188 2153 3240 δεκα
2202 3206 2290 3255 ετη
2326 3189 2404 3253 A,
2479 3206 2573 3255 ετη

347 3288 642 3324 εννακοσια
666 3271 804 3324 dena
831 3286 888 3336 c,
928 3290 1018 3338 ετη
1041 3286 1119 3333 ῆι
1140 3289 1170 3326 z
1201 3275 1210 3338 Ι
1241 3272 1274 3326 8
1305 3278 1595 3328 απεθανεν
1611 3271 1788 3326 AEort
1825 3272 1910 3341 [1²²
1928 3298 1996 3316 =
2014 3272 2071 3343 b]
2107 3276 2115 3340 Ι
2146 3273 2179 3325 9
2208 3278 2395 3341 εζησεν
2416 3272 2572 3344 AEr!

345 3354 380 3408 9
415 3359 680 3428 μελελεηλ
716 3372 746 3411 ο
777 3359 786 3425 Ι
815 3356 850 3410 9
872 3375 1038 3411 πεντε
1077 3377 1172 3411 και
1211 3362 1472 3426 εξηκοντα
1507 3377 1602 3411 και
1629 3377 1941 3440 &arev-ern
1968 3359 2167 3414 Eabmt
2193 3359 2312 3428 [sed
2336 3378 2361 3413 ε
2380 3363 2457 3434 ξρ
2477 3359 2574 3428 m],

348 3460 541 3496 εκατον
576 3463 671 3497 και
707 3447 968 3511 εξηκοντα
1003 3462 1169 3499 πεντε
1212 3462 1301 3511 ετη
1327 3444 1404 3509 A,
1442 3462 1467 3497 ε
1493 3462 1581 3511 ετη
1610 3464 1703 3497 και
1731 3447 1762 3505 ξ
1784 3464 1877 3497 και
1909 3465 1940 3519 ρ
1974 3462 2034 3509 1¹,
2088 3462 2177 3510 ετη
2218 3463 2418 3498 εκατον
2454 3447 2577 3512 εξη-

345 3546 678 3583 κονταπεντε
717 3545 774 3592 ο,
811 3548 901 3596 ετη
935 3533 1028 3601 ρξε
1067 3547 1096 3584 z
1145 3531 1153 3599 Ι
1202 3533 1270 3587 10
1304 3546 1601 3600 εγεννησεν
1634 3529 1756 3583 AEr
1786 3533 1795 3598 Ι
1844 3531 1909 3585 10
1946 3548 2097 3604 ιαρετ
2132 3531 2177 3584 Ε
2219 3533 2230 3597 Ι
2280 3531 2344 3583 10
2389 3532 2575 3597 εζησεν

345 3612 465 3667 AEr
503 3616 514 3679 Ι
561 3615 630 3671 10
663 3618 928 3688 μελελεηλ
963 3632 990 3669 c
1033 3619 1041 3683 Ι
1092 3617 1154 3669 11
1193 3634 1362 3669 αυτον
1391 3614 1725 3681 AEbemrtz,
1760 3616 1906 3685 αὑτῷ
1940 3632 1973 3669 a
2012 3618 2022 3683 Ι
2069 3617 2135 3669 10
2173 3616 2232 3670 in
2266 3617 2509 3686 margine
2548 3633 2577 3670 r

344 3698 482 3768 γυνὴ
519 3700 824 3771 μαλελεὴλ.
868 3702 998 3755 δινα
1033 3700 1286 3775 θυγάτηρ
1338 3702 1614 3777 βαραχιὴλ
1668 3703 2065 3776 πατραδελφου
2118 3703 2313 3757 αὐτοῦς
2373 3700 2573 3773 ‘teipso'-

345 3792 751 3854 καταβαίνοντα
783 3790 793 3855 Ι
827 3787 895 3841 11
913 3806 1063 3861 ιαρετ
1086 3788 1132 3841 Ε
1163 3790 1172 3854 Ι
1206 3789 1270 3844 11
1292 3806 1380 3856 ετη
1405 3807 1705 3863 τριακοντα
1744 3788 1797 3857 [λ
1816 3789 1894 3858 m]
1928 3808 2021 3841 και
2047 3805 2349 3843 επτακοσια
2365 3788 2577 3851 Eabmt,

347 3888 656 3926 επτακοσια
705 3892 801 3927 και
851 3893 1149 3948 τριακοντα
1195 3892 1286 3941 ετη
1324 3875 1401 3927 A:
1448 3892 1540 3941 ετη
1579 3877 1611 3928 λ
1663 3894 1755 3926 και
1794 3885 1841 3943 ψ
1875 3890 1931 3938 1¹,
1976 3873 2073 3927 sed
2111 3878 2141 3926 λ
2178 3890 2241 3928 ex
2276 3873 2383 3927 alia
2417 3873 2579 3926 litera

346 3958 717 4013 emendatum:
777 3978 868 4026 ετη
909 3975 1214 4013 mamma
1248 3978 1547 4034 τριακοντα
1590 3975 1647 4023 ο,
1699 3976 1787 4026 ετη
1824 3963 1901 4029 ψλ
1934 3976 1967 4014 z
2018 3961 2029 4025 Ι
2084 3959 2153 4013 13
2186 3961 2446 4029 μελελεηλ
2486 3973 2514 4010 c
2564 3957 2573 4027 Ι

348 4044 414 4098 18
449 4062 538 4113 ετη
577 4063 741 4100 πεντε
767 4066 862 4099 και
900 4064 1224 4113 ενενηκοντα
1260 4064 1354 4098 και
1383 4061 1682 4100 οπακοσια
1711 4044 1845 4098 Ebr:
1886 4046 1967 4098 ita
2002 4062 2035 4099 a
2056 4084 2070 4109 ,
2096 4044 2206 4097 nisi
2250 4042 2392 4112 quod
2428 4060 2576 4097 εννε-

345 4148 618 4199 νηκοντα,
650 4150 704 4196 r,
742 4132 851 4186 nisi
887 4132 1030 4203 quod
1066 4149 1155 4198 ετη
1191 4134 1318 4200 post
1354 4149 1677 4196 ενενηκοντα
1716 4131 1895 4197 ponit:
1933 4146 2231 4183 οκτακοσια
2265 4148 2358 4181 και
2386 4146 2573 4196 ενενη-

345 4233 512 4269 κοντα
571 4235 734 4271 neme
792 4235 881 4284 ετη
937 4217 1016 4282 A,
1063 4237 1152 4284 ετη
1207 4230 1506 4270 οκτακοσια
1542 4232 2031 4281 ενενηκονταπεντε
2067 4230 2112 4278 ο,
2151 4232 2241 4282 ετη
2276 4232 2439 4267 πεντε
2480 4234 2573 4269 και

347 4316 676 4368 ενενηκοντα
713 4323 806 4357 και
858 4319 1168 4357 επτακοσια
1203 4305 1260 4368 t,
1296 4320 1387 4368 ετη
1432 4318 1458 4353 ε
1499 4319 1593 4353 και
1630 4318 1656 4363 ς
1692 4318 1782 4352 και
1824 4315 2127 4353 επτακοσια
2150 4307 2235 4366 m',
2276 4319 2365 4369 ετη
2392 4320 2492 4365 ωςε
2512 4300 2573 4371 ΖΙ

347 4386 504 4455 13,114
526 4396 816 4446 απεθανεν
841 4387 1020 4444 AEort
1038 4394 1058 4425 ²
1087 4389 1098 4460 Ι
1129 4389 1198 4443 14
1233 4406 1385 4463 ιαρετ
1419 4386 1512 4441 ΑΕ
1551 4386 1704 4457 [D=-
1722 4386 1775 4457 b]
1812 4385 1822 4458 Ι
1857 4386 1923 4440 14
1947 4406 2145 4442 εκατον
2183 4408 2278 4441 και
2324 4392 2581 4455 εξηκοντα

2094 4481 2133 4539 2
