3169 4941
1265 394 1496 456 Genesis
1532 397 1620 454 11.
1658 397 1743 454 12.
2542 402 2615 462 48

313 581 341 628 1
383 555 643 647 Ἄβραμ
685 554 826 626 υἱὸν
869 549 1070 626 αὐτοῦ
1113 557 1226 626 καὶ
1279 557 1396 626 τὸν
1437 557 1611 626 Λὼτ
1650 556 1793 628 υἱὸν
1820 554 2089 648 Ἀρρᾶν,
2138 559 2279 631 υὶὸν
2318 567 2434 632 τοῦ
2474 559 2616 634 υἱοῦ

381 660 582 730 αὐτοῦ
601 715 618 744 ,
675 662 788 730 καὶ
843 661 964 752 τὴν
1017 658 1237 751 Σάραν
1292 663 1410 752 τὴν
1461 660 1709 754 νύμφην
1752 660 1951 730 αὐτοῦ
1965 716 1981 747 ,
2046 671 2318 751 γυναῖκα
2354 665 2616 756 Ἅβραμ

379 771 497 833 τοῦ
539 762 680 832 υἱοῦ
729 763 952 850 αὐτοῦ,
1000 765 1116 833 καὶ
1161 767 1462 857 ἐξήγαγεν
1493 760 1730 848 αὖτοὺς
1776 766 1849 836 ἐκ
1878 773 1993 859 τῆς
2027 764 2241 859 χώρας
2265 778 2400 840 τῶν
2429 775 2614 842 Χαλ-

380 867 584 936 δαίων
625 873 1038 959 πορευθῆναι
1081 869 1179 951 εἶς
1219 879 1337 960 γῆν
1381 867 1653 938 Χαναάν
1674 895 1691 912 ·
1750 871 1863 940 καὶ
1902 867 2113 962 ἦλθον
2158 873 2281 954 ἕως
2320 873 2611 965 Χαρράν,

309 999 344 1044 ⁶
379 971 498 1040 καὶ
527 970 896 1061 κατῴκησεν
941 975 1094 1044 ἐκεῖ.
1174 977 1236 1020 ³²
1249 975 1362 1042 καὶ
1406 976 1697 1063 ἐγένοντο
1741 981 1959 1044 πᾶσαι
1998 972 2069 1043 αἱ
2118 973 2349 1065 ἡμέραι
2387 976 2615 1069 Θάρρα

38 1055 47 1218 ι
385 1077 454 1144 ἐν
512 1081 592 1168 γῇ
635 1077 904 1167 Χαρρὰν
953 1075 1260 1148 διακόσια
1316 1079 1510 1148 πέντε
1552 1079 1683 1169 ἔτη.
1756 1079 1867 1148 καὶ
1922 1076 2228 1150 ἀπέθανε
2278 1082 2501 1172 Θάρρα
2544 1082 2613 1152 έν

386 1176 676 1269 Χαρράν.
763 1181 912 1249 ικαὶ
965 1175 1116 1250 εἶπε
1175 1179 1397 1272 κύριος
1435 1191 1530 1272 τῷ
1563 1180 1823 1273 ’Άβραμ
1865 1183 2141 1266 Ἔξελθε
2200 1185 2275 1254 ἐκ
2328 1192 2445 1276 τῆς
2498 1193 2615 1276 γῆς
2646 1189 2733 1258 12

386 1307 504 1353 σου
547 1284 660 1352 καὶ
705 1285 776 1353 ἐκ
814 1293 932 1377 τῆς
974 1285 1342 1373 συγγενείας
1379 1309 1498 1355 σου
1541 1287 1656 1355 καὶ
1700 1289 1775 1356 ἐκ
1816 1295 1933 1356 τοῦ
1980 1284 2161 1356 οἴκου
2202 1293 2324 1378 τοῦ,
2362 1287 2615 1380 πατρός

387 1411 537 1474 σου,
582 1391 696 1458 καὶ
739 1393 926 1481 δεῦρο
983 1391 1080 1472 εἰς
1128 1393 1242 1482 τὴν
1283 1400 1428 1482 γῆν,
1479 1389 1555 1483 ἣν
1575 1388 1578 1392 ’
1597 1392 1681 1462 ἄν
1724 1416 1831 1462 σοι
1874 1393 2083 1477 δείξω.
2159 1392 2311 1461 ’καὶ
2352 1390 2615 1484 ποιήσω

281 1510 352 1556 10
387 1515 462 1562 σε
507 1492 602 1574 εἷς
649 1493 846 1574 ἔθνος
887 1496 1054 1583 μέγα
1097 1497 1207 1564 καὶ
1253 1490 1580 1587 εὐλογήσω
1637 1519 1711 1566 σε
1755 1497 1865 1567 καὶ
1909 1501 2243 1585 μεγαλυνῶ
2284 1498 2363 1566 τὸ
2408 1493 2615 1584 ὄνομά

387 1621 534 1682 σου,
582 1599 696 1666 καὶ
739 1597 856 1690 ἔσῃ
899 1597 1310 1691 εὐλογημένος
1324 1625 1339 1640 ·
1409 1605 1436 1646 ³
1450 1601 1562 1670 καὶ
1616 1596 1941 1692 εὖλογήσω
1994 1601 2143 1681 τοὺς
2200 1597 2615 1686 εὖλογοῦντάς

387 1725 488 1786 σε,
551 1702 664 1770 καὶ
720 1705 874 1785 τοὺς
918 1706 1404 1795 καταρωμένους
1465 1729 1538 1774 σε
1595 1703 2045 1794 καταράσομαι
2058 1729 2073 1744 ·
2129 1705 2241 1773 καὶ
2290 1702 2615 1794 ἐνευλογη-

383 1805 702 1896 θήσονται
761 1808 830 1876 ἐν
889 1808 1000 1877 σοὶ
1052 1814 1270 1878 πᾶσαι
1327 1807 1396 1878 αἱ
1448 1811 1651 1899 φυλαὶ
1703 1818 1821 1901 τῆς
1872 1815 2001 1901 γῆς.
2080 1809 2232 1878 4’καὶ
2278 1809 2615 1901 ἐπορεύθη

390 1909 644 1998 Ἅβραμ
685 1907 1000 2002 καθάπερ
1049 1913 1353 2003 ἐλάλησεν
1398 1911 1575 2004 αὐτῷ
1618 1914 1837 2004 κύριος
1853 1967 1869 1999 ,
1916 1914 2029 1983 καὶ
2074 1911 2274 2004 ᾤχετο
2316 1919 2453 2000 μετ’
2498 1908 2615 1984 αὗ·-

38 2022 59 2103 Ι
283 2028 352 2075 15
383 2021 500 2082 τοῦ
545 2011 747 2082 Λώτ·
808 2016 1066 2106 Ἄβραμ
1126 2017 1200 2086 δὲ
1245 2011 1322 2107 ἦν
1379 2018 1540 2086 ἐτῶν
1586 2014 2230 2109 ἑβδομηκονταπέντε
2274 2017 2385 2086 ὅτε
2428 2018 2615 2108 ἐξῆλ-

38 2153 46 2252 Ι
531 2175 564 2228 1
602 2174 730 2228 ante
763 2191 888 2226 υιον
938 2174 1176 2243 primum
1213 2177 1274 2240 -Ι-
1313 2193 1410 2228 τον
1448 2173 1498 2228 A
1545 2179 1554 2240 Ι
1614 2177 1644 2230 1
1680 2175 1731 2229 D
1772 2175 1886 2246 [GR]
1940 2175 2009 2229 ad
2046 2182 2235 2247 αβραμ
2272 2175 2337 2243 -Ι-
2376 2194 2470 2228 και
2518 2192 2617 2228 τον

38 2255 41 2284 ¹
385 2279 598 2332 ναχωρ,
649 2260 730 2314 ita
763 2276 822 2314 re
855 2276 988 2314 uera
1023 2263 1162 2315 mrtz
1211 2261 1220 2330 Ι
1277 2264 1307 2317 1
1347 2280 1506 2320 υιους
1559 2281 1731 2314 αυτ-ου
1781 2279 1839 2316 rz
1902 2261 2170 2331 [mt=b]
2230 2264 2240 2327 Ι
2300 2262 2329 2314 1
2382 2279 2524 2334 αραν
2568 2277 2615 2326 ο,

389 2365 540 2422 αραμ
577 2363 630 2400 m
653 2386 667 2410 ,
723 2346 781 2401 in
831 2361 936 2416 quo
972 2347 1150 2416 prima
1185 2363 1348 2402 manu
1395 2363 1557 2418 super
1604 2363 1822 2404 uersum
1856 2369 1889 2421 ρ
1926 2346 2161 2402 alterum
2206 2346 2453 2402 additum
2500 2349 2629 2402 est..

387 2453 574 2508 αρραμ
606 2435 658 2497 t,
710 2453 892 2509 αρραν
922 2435 986 2488 t*
1039 2437 1048 2503 Ι
1104 2436 1134 2490 1
1174 2452 1272 2488 τον
1305 2434 1422 2490 1000
1457 2453 1560 2489 του
1592 2451 1621 2490 1·
1651 2436 1659 2505 Ι
1705 2434 1791 2507 112
1831 2453 1953 2490 υιον
1986 2451 2167 2508 αρραν
2203 2453 2327 2489 υιον
2356 2453 2455 2489 του
2490 2453 2616 2488 υιου

389 2540 560 2574 αυτου
591 2532 662 2581 >
697 2540 726 2574 z
781 2522 790 2591 Ι
841 2522 876 2575 2
911 2540 1012 2589 την
1049 2523 1202 2591 prius
1237 2532 1306 2582 >
1343 2541 1372 2577 z
1427 2526 1436 2590 Ι
1492 2523 1527 2578 2
1565 2540 1713 2597 σαρα
1749 2523 1822 2588 Ε,
1869 2539 2089 2598 σαρραν
2123 2525 2236 2587 art,
2287 2538 2463 2597 σαρρα
2498 2538 2555 2575 m
2602 2520 2613 2591 Ι

387 2606 475 2677 213
509 2626 750 2677 γυναικα
787 2615 974 2683 αβραμ
1014 2624 1114 2662 του
1151 2630 1278 2663 υιου
1313 2619 1643 2675 αυτου>τ,
1686 2611 1780 2681 qui
1824 2626 2009 2666 eorum
2043 2610 2163 2666 1000
2199 2628 2293 2664 και
2330 2626 2515 2663 παντα
2548 2627 2617 2663 τα

389 2712 718 2765 υπαρχοντα
755 2712 936 2748 αυτων
971 2694 1136 2751 habet
1165 2696 1174 2765 Ι
1206 2698 1240 2751 2
1278 2715 1552 2767 γυναικαν
1587 2698 1637 2752 D
1681 2698 1793 2769 [GR]
1826 2700 1837 2763 Ι
1867 2700 1902 2753 2
1937 2699 2063 2767 post
2094 2716 2335 2767 γυναικα
2365 2698 2431 2765 -Ι-
2462 2698 2525 2751 δε
2548 2714 2577 2751 1·
2606 2694 2613 2764 Ι

389 2780 423 2833 2
463 2787 657 2853 αβραμ
691 2791 761 2841 >
794 2781 842 2834 A
873 2783 882 2851 Ι
911 2784 948 2839 3
984 2802 1076 2849 της
1109 2794 1178 2844 >
1215 2802 1242 2836 z
1284 2786 1292 2850 Ι
1334 2785 1372 2839 4
1409 2791 1760 2857 πορευεσθαι
1799 2785 1852 2839 D
1890 2784 2015 2854 [6112
2052 2785 2299 2853 superest
2336 2783 2561 2853 υεσθαι]
2598 2786 2609 2848 Ι

389 2868 424 2921 4
459 2869 588 2923 anto
621 2869 810 2938 γην-Ι-
829 2887 929 2935 την
963 2868 1131 2934 Aam,
1171 2890 1274 2937 την
1307 2870 1508 2925 omisso
1543 2890 1653 2940 γην
1686 2890 1715 2927 ι·
1754 2872 1894 2941 [z=
1916 2871 1976 2941 b]
2009 2871 2019 2939 Ι
2048 2871 2086 2925 4
2105 2888 2327 2941 χανααν
2356 2868 2620 2936 AEbomt,

387 2972 498 3007 των
527 2972 856 3024 χαναναιων
893 2972 984 3010 arz
1027 2960 1036 3023 Ι
1080 2958 1118 3011 4
1169 2960 1344 3025 ηλθεν
1380 2958 1480 3012 ΑΙ)
1520 2958 1635 3028 [ent
1682 2960 1931 3027 superest
1962 2975 2025 3014 εν
2060 2958 2187 3013 ante
2222 2955 2339 3025 εως]
2376 2956 2567 3011 Eamrt
2606 2956 2613 3026 Ι

389 3042 425 3095 4
452 3059 642 3114 χαραν
675 3056 763 3096 oz.
813 3043 872 3097 in
907 3042 1152 3113 margine
1189 3060 1220 3097 1·
1250 3063 1472 3115 χαρραν
1509 3048 1751 3117 τρωγλαι
1786 3064 1819 3111 η
1856 3050 2156 3117 βαρυμμος
2194 3062 2229 3111 η
2266 3056 2567 3113 επιγνωσις
2605 3042 2613 3111 Ι

389 3128 424 3181 5
461 3144 687 3192 ωκησαν
721 3144 752 3181 ο
781 3129 790 3198 Ι
819 3132 856 3187 5
889 3145 1072 3183 πασαι
1107 3139 1175 3190 >
1211 3128 1312 3185 AD
1354 3130 1468 3202 [GR]
1505 3131 1582 3185 Eo
1612 3131 1622 3200 Ι
1654 3132 1687 3185 5
1722 3138 1904 3204 θαρρα
1940 3132 2019 3195 D,
2064 3138 2209 3206 θαρα
2242 3129 2395 3186 AEoz
2426 3131 2437 3199 Ι
2476 3133 2510 3186 6
2546 3148 2619 3203 γῃ

389 3214 796 3274 >ADEam1-tz
827 3216 836 3285 Ι
865 3219 898 3272 6
917 3235 1108 3288 χαραν
1145 3232 1202 3281 ο,
1233 3236 1422 3292 χαρρα
1456 3235 1484 3272 r
1525 3218 1572 3287 [z
1608 3218 1709 3273 hoo
1742 3218 1859 3273 1000
1878 3217 2023 3289 =b]
2056 3218 2066 3286 Ι
2096 3221 2129 3274 6
2155 3218 2414 3271 διακοσια
2453 3232 2621 3271 πεντε

393 3318 482 3367 ετη
495 3300 597 3366 Ab,
623 3320 714 3369 ετη
739 3320 908 3358 πεντε
925 3303 1124 3357 omisso
1147 3304 1408 3359 διακοσια
1423 3322 1468 3367 r,
1497 3323 1586 3371 ετη
1614 3306 1878 3359 διακοσια
1898 3322 2067 3359 πεντε
2090 3304 2141 3358 D
2160 3304 2320 3373 [teste
2336 3301 2557 3372 Grabio]
2576 3316 2619 3357 ο.

391 3404 549 3457 quem
585 3391 730 3443 recte
777 3389 910 3445 haec
957 3392 1222 3445 testatum
1267 3406 1384 3445 esse
1421 3390 1548 3445 inde
1604 3394 1818 3446 constat
1868 3390 2009 3461 quod
2050 3408 2111 3445 τε
2158 3410 2253 3443 και
2304 3396 2489 3443 απεθα
2530 3388 2623 3443 uel

389 3491 532 3529 nuno
565 3478 816 3544 superest
832 3516 844 3529 .
881 3494 1048 3531 πεντε
1071 3496 1160 3530 και
1185 3479 1444 3531 διακοσια
1473 3496 1564 3544 ετη
1588 3478 1689 3543 Et,
1729 3496 1753 3531 ε
1780 3478 1871 3531 και
1901 3494 1936 3531 σ
1962 3495 2051 3543 ετη
2078 3494 2133 3531 m
2148 3516 2163 3541 ,
2200 3495 2291 3543 ετη
2316 3494 2375 3529 οε
2400 3475 2524 3543 [sio]
2550 3492 2579 3527 z
2608 3473 2615 3543 Ι

389 3562 424 3616 6
467 3568 760 3615 απεθανεν
795 3562 944 3617 AErt
981 3563 1064 3633 [1ιῖ
1083 3588 1152 3607 =
1177 3563 1236 3632 b]
1269 3565 1278 3630 Ι
1309 3564 1396 3633 617
1432 3570 1610 3639 θαρρα
1647 3583 1707 3619 εν
1731 3583 1957 3636 χαρραν
1983 3574 2053 3624 >
2072 3581 2100 3617 z
2130 3564 2139 3633 Ι
2170 3566 2205 3620 6
2240 3569 2391 3637 θαρα
2414 3561 2567 3617 AEcz
2609 3562 2617 3630 Ι

392 3650 422 3701 ’7
453 3666 644 3721 χαραν
675 3665 706 3703 ο
735 3650 744 3719 Ι
775 3649 808 3703 7
846 3668 1006 3703 ειπεν
1041 3648 1190 3705 AErt
1225 3650 1480 3721 [t2=b]
1513 3651 1522 3720 Ι
1569 3654 1600 3705 ’7
1636 3654 1763 3721 post
1796 3670 1986 3723 κυριος
2020 3652 2085 3719 -Ι-
2120 3671 2151 3704 ο
2194 3657 2329 3710 3⁶01,-
2362 3668 2391 3703 τ
2422 3653 2431 3715 Ι
2476 3651 2506 3705 7
2541 3669 2619 3719 τῳ

389 3732 697 3799 AEabcrtz‚
759 3754 904 3808 προς
940 3752 997 3791 m
1061 3737 1070 3805 Ι
1137 3736 1172 3791 8
1221 3751 1517 3807 συγγενιας
1555 3736 1602 3791 Ε
1666 3739 1677 3807 Ι
1742 3738 1775 3791 9
1822 3758 1919 3793 και
1966 3740 2135 3811 deveo
2174 3748 2245 3798 >
2294 3738 2395 3793 AD
2436 3737 2550 3806 [Gn]
2608 3734 2617 3804 Ι

392 3821 426 3875 9
457 3840 558 3888 την
581 3832 650 3882 >
675 3837 830 3891 amyz
861 3823 870 3891 Ι
901 3822 934 3876 9
971 3842 1040 3876 αν
1072 3822 1383 3888 Aabcmrtz,
1419 3842 1514 3877 εαν
1549 3823 1595 3877 Ε
1626 3824 1637 3893 Ι
1667 3826 1702 3880 9
1727 3825 1859 3887 διξω
1890 3824 1940 3879 A
1970 3826 1979 3893 Ι
2012 3826 2080 3882 10
2112 3827 2241 3894 post
2262 3842 2412 3894 μέγα
2436 3822 2502 3890 -Ι-
2528 3839 2621 3873 και

391 3912 538 3961 nolu
577 3926 607 3961 z
653 3911 662 3974 Ι
711 3908 774 3962 11
815 3911 1182 3979 ευλογημενος
1219 3908 1344 3963 aber
1385 3910 1587 3979 [prima
1620 3926 1785 3965 manu
1816 3911 1875 3965 in
1912 3911 2173 3979 margine]
2215 3928 2273 3973 z,
2329 3910 2622 3975 ευλογητος

392 3992 492 4048 AD
533 3993 648 4064 [en]
696 3994 826 4049 Emr
885 3995 966 4065 [in
1033 3995 1296 4049 orationis
1351 3996 1508 4065 serie]
1565 3999 1593 4050 t
1654 3998 1665 4065 Ι
1736 3997 1801 4053 12
1844 4012 2290 4068 καταρουμενους
2318 3992 2369 4047 D
2420 3990 2539 4061 [en]
2608 3990 2615 4060 Ι

391 4080 552 4151 12113
575 4080 1119 4150 ενευλογηθησονται
1146 4080 1452 4137 DEabmrtz
1467 4122 1480 4146 ,
1521 4085 1991 4152 ευλογηθησονται
2016 4080 2095 4135 Ac
2125 4080 2135 4148 Ι
2167 4081 2235 4135 13
2258 4100 2313 4133 αι
2344 4078 2403 4132 in
2426 4078 2477 4133 D
2504 4093 2619 4132 001·-

389 4168 599 4221 reotum
633 4182 698 4221 ox
735 4188 771 4219 α
813 4166 822 4237 Ι
868 4168 933 4222 14
968 4174 1121 4221 καθα
1151 4170 1207 4221 ot
1248 4170 1256 4238 Ι
1301 4168 1370 4222 14
1410 4169 1715 4222 sverai-aro
1750 4168 1834 4219 mt
1868 4165 1985 4221 loco
2023 4169 2281 4232 ελαλησεν
2328 4166 2337 4234 Ι
2393 4165 2462 4219 14
2494 4166 2620 4219 anve

390 4272 582 4325 κυριος
617 4254 684 4321 -Ι-
721 4273 752 4306 ο
787 4256 885 4307 m²
915 4254 924 4325 Ι
957 4254 1026 4308 14
1058 4257 1185 4325 post
1218 4273 1409 4322 κυριος
1435 4256 1495 4318 -Ι-
1531 4272 1561 4305 ο
1598 4259 1732 4313 θεος
1764 4270 1793 4306 z
1823 4253 1833 4321 Ι
1866 4252 2023 4323 14115
2057 4272 2198 4323 μετα
2222 4272 2320 4305 του
2355 4252 2406 4307 D
2450 4252 2567 4323 [GR]
2609 4250 2618 4323 Ι

393 4339 460 4395 15
481 4356 622 4393 ετων
663 4340 1215 4413 εβδομηκονταπεντε
1233 4338 1458 4403 ADabc,
1495 4356 1631 4393 ετων
1670 4356 1833 4394 news.
1868 4358 1965 4393 και
1996 4340 2380 4409 εβδομηκοντα
2399 4356 2457 4404 r,
2486 4356 2624 4395 ετων

389 4440 448 4478 οε
498 4443 554 4491 z,
617 4442 785 4481 πενῐε
820 4445 914 4481 και
952 4428 1336 4498 εβδομηκοντα
1385 4443 1521 4481 ετων
1555 4424 1687 4481 Emt
1737 4428 1749 4494 Ι
1804 4426 1871 4483 15
1920 4426 1981 4481 in
2016 4427 2397 4485 oommentario
2428 4442 2460 4481 ι·
2508 4443 2623 4481 auo

38 4256 53 4333 fi
