3169 4941
559 416 630 472 32
1515 413 1741 472 Genesis
1774 403 1827 472 9.

558 576 758 664 λέγων
839 575 1018 644 1’Καὶ
1077 575 1219 644 ἰδοὺ
1269 574 1394 664 ἐγὼ
1437 572 1743 666 ἀνίστημι
1800 576 1915 667 τὴν
1961 575 2286 666 διαθήκην
2327 601 2453 662 μου
2486 573 2637 664 ὑμῖν
2678 577 2794 645 καὶ
2830 600 2857 644 ι

557 685 653 769 τῷ
699 679 1028 769 σπέρματι
1069 679 1246 765 ὑμῶν
1296 681 1450 765 μεθ’
1495 677 1666 766 ὑμᾶς
1745 686 1807 725 ¹⁰
1821 679 1934 748 καὶ
1980 677 2167 770 πάσῃ
2212 689 2387 772 ψιαῇ
2430 679 2599 772 ζώσῃ
2635 686 2791 767 μεθ’

556 783 736 869 ὑμῶν
749 838 765 869 ,
826 776 966 851 α’πό
1009 780 1246 872 ὀρνέων
1286 783 1398 850 καὶ
1443 776 1582 851 ἇπὸ
1631 789 1873 874 κτηνῶν
1888 838 1904 869 ,
1966 783 2081 850 καὶ
2124 789 2298 851 πᾶσι
2348 790 2490 865 τοῖς
2526 781 2793 874 θηρίοις

557 892 668 976 τῆς
707 893 820 977 γῆς
833 939 849 970 ,
911 887 1034 954 ὅσα
1087 885 1230 954 ἐστὶ
1287 890 1442 973 μεθ’
1485 884 1687 973 ὑμῶν,
1736 885 1877 957 ἀπὸ
1924 887 2183 954 πάντων
2224 896 2353 954 τῶν
2390 887 2791 970 ἐξελθόντων

556 991 630 1058 ἐκ
671 995 785 1082 τῆς
820 995 1118 1076 κιβωτοῦ.
1215 989 1403 1058 11καὶ
1458 987 1679 1080 στήσω
1720 992 1834 1082 τὴν
1870 987 2192 1082 διαθήκην
2228 1018 2353 1077 μου
2390 993 2561 1081 πρὸς
2600 989 2785 1079 ὑμᾶς,
2822 1014 2855 1060 5

553 1092 666 1162 καὶ
699 1087 818 1162 οὐκ
843 1090 1293 1162 ἀποθανεῖται
1316 1099 1504 1162 πᾶσα
1533 1095 1698 1183 σὰρξ
1737 1093 1835 1164 ἔτι
1864 1088 2003 1163 ἀπὸ
2030 1100 2146 1163 τοῢ
2180 1094 2415 1176 ὕδατος
2442 1101 2560 1164 τοῦ
2586 1123 2789 1164 κατα-

554 1200 853 1283 κλυσμοῦ,
895 1195 1006 1265 καὶ
1049 1194 1262 1265 οὐκέτι
1307 1194 1494 1266 ἔσται
1548 1199 1997 1285 κατακλυσμὸς
2044 1197 2282 1279 ὓδατος
2339 1206 2786 1290 καταφθεῖραι

555 1309 781 1369 πᾶσαν
811 1301 926 1391 τὴν
969 1309 1103 1392 γῆν.
1202 1301 1388 1369 final
1433 1296 1586 1370 εἶπε
1629 1301 1847 1392 κύριος
1888 1299 1924 1370 ὃ
1968 1303 2131 1383 θεὸς
2176 1303 2344 1394 πρὸς
2376 1312 2537 1371 Νῶε
2575 1311 2786 1372 Τοῦτο

553 1404 630 1472 τὸ
673 1411 938 1497 σημεῖον
978 1413 1094 1495 τῆς
1136 1406 1486 1497 διαθήκης,
1533 1401 1571 1473 ὃ
1616 1405 1740 1494 ἐγώ
1788 1403 2024 1493 δι’δωμι
2070 1404 2194 1475 ἀνὰ
2228 1407 2431 1494 μέσον
2478 1407 2635 1494 ἐμοῦ
2676 1407 2787 1474 καὶ

551 1505 725 1594 ὑμῶν
783 1509 894 1577 καὶ
937 1506 1058 1576 ἀνὰ
1097 1509 1300 1595 μέσον
1347 1506 1567 1600 πάσης
1611 1517 1820 1600 ψυχῆς
1863 1507 2097 1600 ζώσης,
2144 1510 2185 1600 ἤ
2230 1511 2369 1579 ἐστι
2411 1513 2563 1597 μεθ’
2608 1508 2787 1597 ὑμῶν
2822 1527 2890 1574 10

553 1609 648 1692 εἷς
702 1612 920 1699 γενεὰς
975 1610 1277 1693 αἰωνίους
1295 1637 1308 1652 ·
1410 1614 1554 1681 13τὸ
1598 1612 1794 1695 τόξον
1833 1639 1959 1700 μου
2002 1612 2241 1704 τίθημι
2297 1614 2367 1681 ἐν
2407 1619 2487 1704 τῇ
2528 1615 2781 1705 νεφέλῃ,

551 1716 663 1783 καὶ
707 1713 894 1784 ἔσται
937 1715 1032 1796 εἷς
1074 1721 1336 1806 σημεῖον
1378 1717 1701 1808 διαθήκης
1742 1714 1866 1785 ἀνὰ
1909 1717 2111 1803 μέσον
2153 1717 2309 1802 ἐμοῦ
2352 1717 2468 1784 καὶ
2509 1725 2623 1808 τῆς
2652 1726 2784 1808 γῆς.

562 1825 621 1862 ¹⁴
635 1819 746 1887 καὶ
791 1817 978 1888 ἔσται
1017 1819 1085 1889 ἓν
1119 1827 1214 1910 τῷ
1259 1826 1587 1910 συννεφεῖν
1628 1846 1711 1905 με
1753 1820 2031 1910 νεφέλας
2082 1820 2205 1888 ἐπὶ
2241 1821 2357 1910 τὴν
2401 1826 2515 1910 γῆν
2558 1818 2783 1912 ὀφθή-

555 1946 737 1991 σεται
777 1924 853 1990 τὸ
896 1921 1085 2005 τόξον
1131 1923 1199 1990 ἐν
1239 1930 1319 2013 τῇ
1361 1923 1622 2014 νεφέλῃ,
1681 1923 1862 1990 ¹⁵nou:
1900 1920 2363 2014 μνησθήσομαι
2392 1932 2509 2015 τῆς
2536 1925 2784 2015 διαθή-

551 2054 662 2117 κης
711 2052 865 2112 μου,
941 2026 981 2118 ἥ
1040 2027 1216 2094 ἐστιν
1258 2021 1378 2094 ἀνὰ
1421 2026 1623 2112 μέσον
1670 2027 1827 2116 ε’μοῦ
1880 2027 1991 2094 καὶ
2028 2024 2205 2113 ὑμῶν
2260 2027 2372 2095 καὶ
2414 2025 2542 2095 ἀνὰ
2581 2029 2785 2114 μέσον
2819 2049 2887 2096 15

552 2128 774 2222 πάσης
819 2137 1029 2222 ψυχῆς
1080 2131 1287 2221 ζώσης
1329 2128 1398 2199 ἐν
1457 2126 1645 2223 πάσῃ
1712 2129 1931 2220 σαρκί,
2007 2130 2121 2198 καὶ
2181 2127 2295 2200 οὐκ
2338 2130 2523 2201 ἔσται
2569 2130 2664 2200 ἔτι
2705 2132 2783 2199 τὸ

694 2353 722 2406 1
756 2373 850 2406 και
887 2353 1278 2422 priufl>Acrz
1309 2354 1316 2420 Ι
1351 2356 1380 2408 1
1406 2351 1534 2404 ιδου
1579 2370 1693 2422 εγω
1728 2350 1931 2415 bmrtz,
1970 2352 2123 2405 ιδουι
2162 2369 2272 2421 εγω
2296 2367 2353 2418 e,
2394 2370 2503 2422 εγω
2529 2353 2658 2406 ιδου
2681 2352 2781 2407 AD

551 2440 669 2511 [Gn]
699 2455 755 2505 a,
814 2458 928 2509 εγω
967 2439 1166 2494 omisso
1219 2439 1346 2493 ιδου
1379 2437 1425 2492 Ε
1457 2439 1466 2507 Ι
1499 2440 1528 2493 1
1559 2457 1675 2510 μου
1712 2448 1780 2498 >
1820 2455 1853 2493 z
1896 2439 1905 2507 Ι
1946 2438 1980 2492 2
2018 2449 2171 2513 ψυχῃ
2206 2449 2274 2500 >
2311 2457 2339 2494 r
2369 2440 2378 2508 Ι
2409 2439 2442 2493 2
2479 2441 2606 2494 ante
2642 2440 2783 2515 ζωσῃ

553 2529 619 2596 -Ι-
654 2548 719 2594 τη
756 2527 806 2581 D
847 2526 964 2597 [ΘΒ]
1001 2527 1185 2580 Eemrt
1215 2526 1224 2593 Ι
1273 2526 1307 2579 2
1343 2527 1469 2593 post
1507 2526 1648 2598 ζωσῃ
1688 2527 1754 2593 -Ι-
1789 2545 1852 2592 τη
1886 2525 1930 2579 Ε
1963 2528 1971 2591 Ι
2001 2527 2036 2580 3
2073 2545 2232 2597 ημων
2264 2544 2295 2580 z
2338 2527 2347 2594 Ι
2387 2528 2422 2581 3
2460 2529 2585 2595 post
2623 2545 2781 2596 υμων

552 2615 618 2681 -Ι-
659 2630 736 2671 εις
772 2630 870 2665 τον
895 2626 1084 2666 *atoma
1122 2614 1150 2666 c
1205 2613 1214 2681 Ι
1259 2612 1293 2666 3
1324 2611 1515 2666 literae
1553 2629 1649 2664 οκτ
1683 2627 1874 2665 uocum
1912 2631 2028 2664 απο
2067 2631 2279 2679 κτηνων
2323 2611 2372 2665 A
2406 2628 2569 2667 manu
2603 2612 2781 2682 prima

549 2699 609 2752 in
648 2698 825 2766 spatio
857 2699 1062 2774 septem
1095 2698 1376 2753 literarum
1409 2698 1596 2766 capaci
1614 2738 1626 2751 .
1669 2696 1918 2766 singulae
1947 2697 2139 2751 literae
2177 2696 2418 2767 syllabae
2450 2718 2552 2751 οκτ
2568 2738 2581 2762 ,
2625 2698 2779 2766 ipsae

549 2783 609 2837 in
640 2784 774 2838 locis
811 2784 1020 2852 scalpro
1056 2799 1164 2838 non
1199 2783 1362 2837 tactis
1395 2782 1628 2852 scriptae
1641 2823 1653 2846 ‚
1690 2784 1960 2853 utrimque
1996 2799 2185 2838 rasura
2220 2784 2557 2853 singularum
2591 2785 2778 2838 litera·

548 2886 669 2925 rum
703 2869 888 2938 capaci
923 2868 1280 2924 circumdatae
1323 2871 1332 2935 Ι
1385 2870 1420 2923 3
1454 2872 1582 2938 post
1618 2888 1732 2923 απο
1770 2869 2001 2923 alterum
2039 2874 2099 2935 -Ι-
2138 2888 2249 2924 rom
2286 2887 2343 2924 m
2385 2874 2394 2937 Ι
2440 2871 2477 2925 4
2513 2886 2621 2924 οσα
2660 2885 2776 2924 εστι

549 2962 667 3030 μεθ
700 2975 857 3029 υμων
890 2965 959 3016 >
994 2955 1038 3009 Ε
1086 2956 1097 3028 Ι
1139 2956 1176 3009 4
1208 2956 1325 3010 1000
1365 2970 1470 3009 οσα
1508 2971 1624 3009 εστι
1667 2972 1697 3007 1·
1745 2975 1860 3014 τοις
1912 2957 1921 3024 Ι
1969 2957 2005 3012 4
2040 2971 2155 3008 εστι
2190 2965 2260 3015 >
2295 2955 2395 3010 AD
2446 2956 2610 3026 [teste
2640 2954 2775 3010 Gra—

547 3040 662 3111 Mo]
699 3044 843 3096 amtz
897 3043 906 3107 Ι
953 3041 991 3096 4
1027 3061 1250 3095 anama
1294 3041 1412 3096 1000
1453 3060 1569 3095 απο
1605 3043 1687 3095 mt
1726 3041 1978 3111 [παντων
2010 3040 2175 3095 iidem
2206 3045 2270 3096 ut
2302 3042 2488 3112 ceteri]
2557 3044 2566 3111 Ι
2644 3042 2677 3095 5
2716 3058 2777 3095 εκ

547 3137 616 3188 >
650 3144 680 3181 1·
709 3127 718 3197 Ι
750 3129 782 3182 5
818 3130 944 3196 post
974 3134 1208 3196 κιβωτου
1247 3131 1310 3194 -Ι-
1349 3146 1443 3180 και
1480 3142 1623 3181 πασι
1664 3129 1819 3188 ζωοις
1854 3146 1948 3193 της
1985 3146 2088 3198 γης
2121 3143 2150 3180 r
2178 3130 2188 3196 Ι
2226 3130 2261 3183 6
2298 3134 2637 3183 αποθανειτε
2674 3128 2724 3180 A
2762 3127 2771 3198 Ι

547 3214 582 3268 6
616 3231 696 3266 ετι
733 3223 802 3274 >
838 3217 919 3269 mt
979 3214 988 3282 Ι
1048 3215 1079 3269 7
1127 3232 1309 3267 ουκετι
1359 3229 1512 3267 εσται
1562 3212 1690 3277 bez,
1742 3228 1845 3265 ουκ
1893 3220 2047 3266 wrm
2086 3230 2165 3267 ετι
2203 3214 2300 3267 AD
2356 3214 2517 3283 [teste
2551 3212 2773 3283 Grabio]

545 3298 729 3364 Eamt,
781 3320 881 3353 ουκ
931 3315 1085 3353 εσται
1131 3300 1327 3353 omisso
1375 3317 1454 3352 ετι
1489 3315 1518 3352 1·
1581 3300 1593 3368 Ι
1658 3301 1689 3353 7
1740 3300 1867 3353 ante
1916 3304 2293 3373 καταφθειραι
2334 3299 2398 3363 -Ι-
2434 3318 2533 3352 του
2569 3297 2707 3353 Aart
2762 3300 2771 3369 Ι

546 3385 583 3441 8
622 3403 779 3440 ειπεν
816 3384 1054 3440 AEamrt
1092 3385 1177 3454 [15²
1198 3412 1268 3431 =
1287 3384 1346 3455 b]
1404 3388 1414 3452 Ι
1473 3385 1506 3438 8
1539 3404 1725 3459 κυριος
1762 3394 1830 3443 >
1867 3384 1917 3437 D
1955 3383 2119 3454 [teste
2154 3383 2375 3457 Grabio]
2414 3402 2447 3439 a
2497 3388 2507 3455 Ι
2568 3386 2603 3439 8
2638 3402 2777 3459 προς

544 3470 846 3535 AEabmrt,
885 3491 964 3540 τῳ
1001 3488 1059 3524 cz
1130 3475 1139 3538 Ι
1205 3472 1240 3525 9
1280 3472 1406 3540 poet
1442 3471 1717 3537 διαθηκης
1754 3471 1820 3538 -Ι-
1858 3484 1961 3523 σου
2001 3488 2029 3523 z
2082 3471 2092 3539 Ι
2157 3470 2190 3524 9
2232 3491 2294 3538 ης
2326 3472 2445 3527 loco
2495 3492 2526 3525 ο
2562 3474 2702 3525 mrtz
2760 3469 2769 3542 Ι

547 3557 614 3613 10
660 3557 776 3611 loco
827 3576 984 3629 υμων
1032 3557 1226 3626 prioris
1266 3576 1294 3611 z
1346 3573 1448 3611 σου
1501 3558 1511 3625 Ι
1567 3557 1637 3612 10
1687 3571 1872 3623 πασης
1908 3567 1976 3616 >
2014 3572 2069 3609 m
2112 3558 2121 3625 Ι
2180 3560 2246 3614 10
2293 3560 2461 3626 ζωσης
2494 3568 2562 3617 >
2600 3559 2710 3611 emt
2760 3556 2769 3628 Ι

545 3643 613 3696 10
647 3646 772 3697 ante
811 3664 842 3709 η
895 3643 1029 3697 duae
1077 3643 1269 3698 literae
1316 3643 1552 3698 radendo
1598 3641 1807 3697 deletae
1840 3641 1893 3699 A
1908 3682 1921 3707 ,
1968 3658 2075 3695 οσα
2121 3643 2239 3698 loco
2288 3662 2321 3709 η
2360 3660 2423 3699 az
2465 3644 2475 3716 Ι
2516 3646 2584 3700 10
2622 3660 2774 3698 εστιν

542 3728 636 3785 ΑΕ
671 3731 834 3833 atque
867 3732 930 3783 ut
975 3730 1190 3785 uidetur
1225 3746 1281 3783 m
1297 3770 1310 3794 ‚
1365 3729 1514 3785 cuius
1552 3750 1584 3797 η
1626 3746 1775 3783 εστιν
1827 3730 1885 3784 in
1918 3745 2107 3784 rasura
2156 3730 2418 3798 scriptum
2434 3772 2448 3785 .
2499 3746 2651 3784 εσται
2688 3748 2717 3784 1·
2760 3729 2768 3801 Ι

544 3818 610 3871 11
649 3835 837 3877 ανιους
870 3815 942 3880 Ε,
980 3835 1179 3877 αιωνος
1207 3818 1290 3870 mt
1326 3818 1336 3886 Ι
1391 3819 1453 3872 11
1491 3819 1623 3877 τοξο
1659 3814 1732 3879 Ε,
1774 3814 1869 3871 sed
1904 3819 2198 3872 correctum
2228 3817 2237 3884 Ι
2272 3819 2334 3871 11
2375 3836 2509 3888 τημι
2544 3817 2619 3881 Ε,
2676 3815 2774 3871 sed

543 3910 644 3972 ιθη
681 3919 844 3972 supra
877 3919 1093 3959 uersum
1137 3904 1146 3973 Ι
1194 3903 1262 3957 12
1294 3922 1388 3956 και
1429 3918 1584 3957 εσται
1621 3913 1689 3963 >
1726 3919 1781 3956 m
1822 3907 1831 3970 Ι
1873 3906 1940 3959 12
1962 3918 2170 3975 σημιον
2192 3902 2240 3957 A
2271 3906 2281 3970 Ι
2313 3904 2381 3957 12
2415 3922 2511 3956 και
2540 3922 2639 3971 της
2676 3922 2774 3973 γης

539 3989 790 4044 AEabcrz
807 4034 820 4056 ,
860 4010 954 4044 και
1000 4008 1154 4062 υμων
1189 4006 1274 4054 m,
1324 3990 1383 4042 in
1421 4005 1525 4061 quo
1563 4005 1726 4058 supra
1760 4004 1976 4043 uersum
2010 3992 2166 4043 αλλοι
2206 4008 2301 4043 και
2337 4009 2433 4055 της
2460 4008 2560 4059 γης
2594 3989 2773 4057 prima

540 4092 730 4132 manu.
765 4096 861 4130 και
897 4096 1056 4149 υμων
1089 4078 1117 4130 t
1159 4080 1168 4146 Ι
1213 4076 1281 4131 13
1317 4091 1580 4148 συνεφειν
1614 4092 1727 4139 mz,
1784 4075 1961 4144 prima
2004 4091 2169 4130 manu
2208 4077 2501 4130 correctum
2540 4074 2600 4127 in
2638 4091 2695 4128 m
2758 4074 2767 4146 Ι

543 4164 610 4219 13
669 4179 743 4232 με
777 4173 846 4223 >
903 4165 930 4217 t
993 4165 1003 4229 Ι
1068 4163 1136 4218 13
1186 4182 1279 4229 της
1337 4182 1439 4234 γης
1493 4164 1604 4217 mtz
1655 4161 1664 4233 Ι
1715 4163 1783 4218 14
1816 4164 1942 4230 post
1992 4165 2161 4223 τοξον
2202 4164 2269 4231 -Ι-
2305 4182 2420 4233 μου
2454 4160 2718 4215 AEemrtz
2758 4162 2766 4230 Ι

544 4249 611 4302 15
648 4267 757 4303 ανα
792 4264 1159 4331 μεσονχεμου
1206 4267 1300 4303 και
1351 4266 1508 4320 υμων
1555 4268 1651 4302 και
1688 4258 1756 4308 >
1794 4249 1843 4301 D
1877 4248 2019 4303 teste
2056 4246 2255 4301 Grabio
2311 4248 2320 4316 Ι
2376 4248 2443 4303 15
2476 4268 2569 4301 και
2614 4266 2774 4318 υμων

541 4340 610 4391 >
647 4350 676 4387 r
705 4334 716 4400 Ι
748 4333 817 4389 16
843 4352 1026 4401 πασης
1057 4344 1126 4395 >
1161 4350 1246 4388 mz
1278 4337 1287 4400 Ι
1319 4335 1387 4390 16
1424 4336 1734 4401 §mom->c
1763 4336 1774 4401 Ι
1807 4335 1871 4389 16
1913 4351 1974 4387 εν
2008 4349 2165 4407 πασῃ
2201 4334 2464 4403 >1116
2498 4336 2766 4409 και>α1

543 4418 2030 4489 leobae-{fugatam}16m>0116w>0z
