3169 4941
573 438 645 493 ¹70
1496 434 1723 491 Genesis
1761 435 1847 491 19.

572 598 686 667 διὰ
729 604 924 668 τοῦτο
961 594 1226 667 ἐκάλεσε
1270 596 1346 667 τὸ
1386 595 1590 682 ὄνομα
1638 604 1754 687 τῆς
1790 595 2049 678 πόλεως
2090 594 2333 686 ἐκείνης
2368 591 2607 685 Σηγώρ.
2690 598 2750 639 2³
2764 620 2802 663 ο
2840 616 2867 662 1

572 700 754 792 ἥλιος
814 703 1088 794 ἐξῆλθεν
1147 701 1264 769 ἐπὶ
1334 700 1445 791 τὴν
1493 706 1606 791 γῆν
1658 700 1769 769 καὶ
1821 702 1994 769 Λώτ
2050 699 2355 792 εἰσῆλθεν
2409 698 2506 779 εἰς
2561 698 2800 788 Σηγώρ,

582 811 643 851 ²4
654 807 764 875 καὶ
799 806 1014 896 κύριος
1057 804 1312 894 ἔβρεξεν
1357 804 1475 873 ἐπὶ
1516 806 1781 891 Σόδομα
1824 804 1933 872 καὶ
1970 804 2269 893 Γόμορρα
2316 809 2505 871 θεῖον
2532 802 2643 870 καὶ
2674 807 2804 892 πῖρ

574 911 758 1000 παρὰ
803 908 1022 998 κυρίου
1067 910 1142 991 ἐξ
1181 908 1480 999 οὐρανοῦ,
1537 907 1720 975 25)εαὶ
1766 908 2173 997 κατέστρεψε
2216 907 2341 988 τὰς
2371 905 2601 987 πόλεις
2648 906 2803 974 ταύ-

571 1040 690 1095 τας
745 1014 854 1082 καὶ
907 1017 1132 1081 πᾶσαν
1184 1014 1302 1104 τὴν
1357 1012 1721 1102 περίχωρον
1766 1013 1878 1080 καὶ
1931 1010 2188 1092 πάντας
2231 1011 2383 1093 τοὺς
2426 1015 2805 1079 κατοικοῦν-
2838 1032 2871 1079 5

570 1143 690 1199 τας
732 1117 802 1188 ἐν
849 1123 996 1199 ταῖς
1047 1114 1284 1185 πόλεσι
1325 1116 1434 1185 καὶ
1492 1118 1574 1184 τὰ
1630 1110 2060 1185 ἀνατέλλοντα
2117 1116 2191 1183 ἐκ
2241 1123 2358 1206 τῆς
2415 1120 2540 1206 γῆς.
2624 1114 2805 1182 26καὶ

575 1220 946 1311 ἐπέβλεψεν
1002 1219 1043 1311 ἡ
1098 1222 1247 1311 γυνὴ
1313 1218 1511 1289 αὐτοῦ
1565 1220 1661 1301 εἷς
1718 1221 1803 1288 τὰ
1848 1217 2073 1290 ὀπίσω
2089 1274 2105 1303 ,
2152 1219 2267 1287 καὶ
2310 1218 2564 1307 ἐγένετο
2606 1216 2805 1309 στήλη

575 1322 753 1404 ἆλός.
857 1322 1222 1414 θ”ἆίρθρισε
1284 1325 1356 1393 δὲ
1400 1318 1701 1414 Ἀβραὰμ
1740 1330 1834 1412 τῷ
1877 1324 2057 1412 πρωὶ
2116 1322 2210 1403 είς
2257 1324 2369 1391 τὸν
2422 1320 2668 1406 τόπον,
2731 1316 2805 1390 οὗ

578 1424 864 1519 εἱστήκει
917 1426 1201 1496 ἐναντίον
1253 1426 1496 1516 κυρίου,
1579 1427 1755 1495 28καὶ
1830 1426 2197 1517 ἐπέβλεψεν
2258 1426 2375 1494 ἐπὶ
2441 1423 2805 1515 πρόσωπον

577 1526 884 1617 Σοδόμων
939 1531 1051 1599 καὶ
1103 1527 1443 1621 Γομόρρας
1497 1531 1611 1599 καὶ
1672 1530 1792 1599 ἐπὶ
1850 1528 2215 1620 πρόσωπον
2266 1538 2383 1621 τῆς
2422 1529 2802 1620 περιχώρου,
2844 1550 2910 1597 10

581 1635 694 1703 καὶ
731 1630 892 1704 εἶδε·
935 1635 1048 1703 καὶ
1078 1634 1220 1703 ἰδοὺ
1248 1633 1583 1723 ἀνέβαινεν
1616 1635 1784 1726 φλὸξ
1826 1634 1900 1701 ἐκ
1944 1639 2059 1725 τῆς
2098 1642 2212 1723 γῆς
2256 1632 2415 1701 ὡσεὶ
2456 1630 2655 1719 ἀτμὶς
2684 1660 2805 1701 κα-

578 1737 786 1825 μίνου.
862 1744 920 1784 ²⁹
936 1738 1050 1807 καὶ
1101 1739 1350 1827 ἐγένετο
1409 1740 1476 1808 ἐν
1529 1745 1623 1828 τῷ
1680 1737 1990 1825 ἕκτρίψαι
2049 1738 2163 1805 τὸν
2212 1738 2377 1806 θεὸν
2418 1734 2647 1817 πάσας
2688 1738 2809 1817 τὰς

583 1840 812 1925 πόλεις
851 1847 964 1934 τῆς
1008 1841 1346 1932 περιοίκου
1361 1896 1378 1925 ,
1425 1841 1721 1933 ἐμνήσθη
1764 1840 1801 1911 ὃ
1844 1841 2009 1922 θεὸς
2048 1846 2165 1909 τοῦ
2193 1834 2492 1929 Ἀβραὰμ
2519 1841 2629 1909 καὶ
2659 1842 2808 1923 ἒξα-
2896 1890 2903 1897 -

585 2120 654 2178 17
693 2122 820 2174 ante
852 2120 1291 2187 ποιησαι-Ι-του
1326 2120 1412 2173 Da
1451 2122 1461 2185 Ι
1518 2120 1583 2174 17
1625 2139 1721 2172 του
1762 2121 1948 2173 siem
1987 2133 2049 2171 σε
2088 2117 2218 2182 abc,
2248 2138 2346 2171 του
2387 2135 2452 2171 σε
2494 2121 2682 2172 elam
2715 2117 2806 2180 Ar,

585 2225 652 2259 ου
691 2208 946 2273 εισελθης
967 2206 1017 2258 D
1036 2207 1151 2273 [ent
1188 2207 1435 2274 superest
1473 2208 1725 2271 εισελθης
1758 2207 1884 2259 ante
1924 2207 2056 2273 εκει]
2074 2244 2089 2270 ,
2124 2225 2229 2258 του
2269 2220 2330 2258 σε
2356 2208 2631 2259 εισελθειν
2654 2204 2810 2257 Emtz

728 2294 758 2346 1
800 2291 1059 2345 εκαλεσεν
1093 2290 1245 2345 DErt
1280 2292 1361 2360 [tfl
1384 2316 1454 2336 =
1476 2290 1571 2361 b]‚‚
1612 2307 1975 2361 επωνομασεν
2009 2289 2058 2343 Α
2112 2291 2121 2360 Ι
2179 2291 2206 2344 l
2245 2309 2337 2358 της
2369 2293 2583 2350 πολεως
2616 2298 2685 2349 >
2724 2308 2755 2344 z
2797 2290 2804 2361 Ι

589 2379 621 2433 1
659 2394 866 2444 εκεινης
902 2386 969 2435 >
1003 2378 1054 2431 D
1121 2379 1129 2446 Ι
1177 2380 1227 2433 ’1
1265 2393 1442 2449 σιγωρ
1479 2393 1566 2442 az,
1619 2392 1803 2449 συγωρ
1838 2393 1901 2431 ο.
1941 2378 2001 2431 in
2039 2377 2417 2431 commentario
2452 2393 2530 2430 m:
2596 2382 2805 2449 Σηγωρ

588 2481 944 2536 ερμηνευεται
990 2483 1164 2539 μικρα
1209 2469 1441 2539 βραχεια
1458 2502 1474 2517 .
1523 2481 1726 2530 ταυτην
1776 2465 2019 2534 αλλαχου
2072 2483 2105 2532 η
2140 2483 2329 2536 γραφη
2368 2464 2592 2536 ζωγωρα
2642 2465 2804 2531 καλη.

589 2569 620 2602 ο
653 2550 718 2602 δε
753 2565 918 2624 συρος
953 2548 1081 2623 ζαρὴ
1130 2569 1224 2603 και
1269 2554 1412 2618 βαλα
1425 2589 1444 2614 ,
1490 2564 1746 2604 τουτεστι
1782 2566 2161 2604 καταπιουσα.
2216 2551 2308 2604 διο
2356 2567 2500 2622 φασι
2548 2568 2694 2608 τινες
2724 2570 2809 2604 οτι

589 2654 656 2687 ου
688 2652 1058 2703 κατεκαησαν,
1106 2639 1244 2689 αλλα
1279 2643 1675 2704 κατεποθησαν
1707 2637 1817 2691 xri-⁵.
1871 2637 1929 2690 in
1960 2637 2205 2706 margine
2241 2654 2270 2691 r
2309 2644 2543 2710 βραχεῖα
2583 2633 2759 2711 μικρά
2800 2638 2807 2703 Ι

590 2721 626 2774 2
664 2735 838 2794 σιγωρ
871 2737 934 2776 az
964 2724 974 2788 Ι
1005 2723 1040 2776 3
1078 2723 1205 2790 post
1239 2741 1429 2797 κυριος
1464 2724 1530 2791 -Ι-
1575 2744 1607 2776 ο
1645 2727 1776 2782 &coc
1808 2723 1853 2777 Ε
1885 2724 1893 2791 Ι
1925 2726 1961 2780 3
1994 2727 2177 2796 εβρεξε
2213 2740 2241 2776 z
2281 2722 2406 2792 [sic]
2441 2724 2450 2790 Ι
2499 2723 2533 2776 3
2568 2741 2681 2790 πυρ
2716 2741 2812 2775 και

591 2813 754 2860 θειον
787 2823 839 2860 m
855 2848 870 2873 ,
911 2808 1006 2863 sed
1037 2810 1212 2878 prima
1242 2825 1408 2863 manu
1442 2808 1616 2864 literis
1654 2828 1689 2860 α
1727 2810 1782 2862 et
1813 2816 1849 2876 β
1888 2809 2266 2878 superscriptis
2295 2809 2354 2862 in
2390 2811 2633 2863 nostrum
2672 2808 2813 2862 ordi-

549 2963 560 2974 ·
589 2909 712 2948 nem
749 2893 1023 2950 redactum
1053 2895 1062 2964 Ι
1093 2895 1128 2949 4
1163 2911 1316 2969 παρα
1347 2914 1536 2968 κυριου
1567 2905 1636 2954 >
1672 2911 1702 2949 z
1732 2897 1742 2962 Ι
1771 2895 1808 2949 4
1839 2899 1899 2956 εξ
1926 2914 2167 2970 ουρανου
2203 2894 2298 2960 be,
2340 2913 2397 2949 εκ
2432 2915 2529 2948 του
2569 2914 2814 2968 ουρανου

589 2979 689 3034 AD
729 2980 998 3050 [superest
1030 2999 1090 3035 εκ
1122 2999 1221 3034 του
1257 2981 1416 3055 ουρα]
1455 2981 1676 3036 Eamrtz
1707 2982 1715 3051 Ι
1758 2981 1796 3034 4
1836 2993 2208 3055 κατεστρεψεν
2243 2983 2343 3036 AD
2384 2981 2659 3051 [superest
2692 2999 2815 3035 ατε-

592 3067 864 3138 στρεψεν]
899 3066 973 3120 Ει·
1013 3069 1024 3136 Ι
1065 3067 1102 3120 4
1137 3069 1263 3122 ante
1298 3086 1397 3127 τας
1434 3069 1499 3136 -Ι-
1541 3084 1732 3128 πασας
1766 3069 1849 3121 mt
1877 3067 1886 3135 Ι
1926 3067 1964 3120 4
1998 3071 2162 3127 πόλις
2194 3070 2222 3121 t
2264 3068 2273 3137 Ι
2321 3068 2410 3136 415
2444 3070 2573 3136 post
2611 3086 2816 3126 ταυτας

593 3152 661 3219 -Ι-
697 3169 757 3206 εν
783 3171 871 3210 αις
901 3169 1135 3206 natanta
1176 3171 1236 3206 εν
1269 3172 1465 3214 αυταις
1502 3157 1620 3206 λωτ·
1646 3152 1720 3206 A:
1756 3154 1872 3207 loeo
1907 3172 2110 3214 ταυτας
2144 3155 2354 3209 Dteste
2374 3153 2573 3208 Grabio
2610 3168 2814 3212 πασας.

590 3239 656 3292 ut
686 3239 738 3292 D
775 3237 940 3292 etiam
971 3239 1017 3292 Ε
1085 3239 1094 3308 Ι
1159 3239 1196 3294 5
1224 3256 1325 3306 την
1379 3257 1697 3314 περιχωρον
1744 3239 1889 3303 bem,
1948 3257 2241 3312 περιοικον
2281 3240 2421 3310 [sino
2462 3241 2713 3310 articulo]
2749 3238 2815 3302 A,

593 3343 693 3391 την
727 3338 1024 3396 περιοικον
1058 3325 1217 3380 DEar
1247 3325 1256 3392 Ι
1299 3326 1332 3378 6
1368 3327 1609 3380 πολεσιν
1644 3323 1733 3378 A?
1778 3325 1978 3380 lineola
2012 3344 2047 3378 ν
2082 3325 2395 3394 significans
2430 3343 2539 3380 una
2574 3342 2693 3380 eum
2731 3340 2817 3378 εσι

592 3427 736 3466 nune
755 3410 998 3466 euanidis
1017 3413 1298 3466 euanuisse
1321 3411 1597 3480 potuerit„
1620 3415 1852 3466 πολεσιν
1875 3413 1926 3466 D
1950 3411 2222 3481 [superest
2245 3414 2359 3484 σιν]
2384 3414 2513 3468 Eert
2542 3412 2773 3482 [βε-1)]
2806 3410 2817 3481 Ι

593 3499 628 3552 6
664 3517 759 3550 και
794 3498 944 3566 prius
982 3508 1051 3557 >
1089 3513 1124 3552 a
1164 3499 1173 3565 Ι
1214 3499 1248 3552 6
1286 3500 1410 3552 ante
1449 3516 1518 3550 τα
1556 3499 1629 3566 -Ι-.
1660 3515 1846 3551 παντα
1880 3497 2143 3552 ADEamt
2186 3499 2194 3567 Ι
2250 3500 2283 3553 6
2321 3517 2389 3552 τα
2422 3497 2816 3567 avani-loma]

591 3602 712 3637 παν
748 3587 1048 3637 ανατελλον
1080 3601 1108 3636 z
1163 3586 1172 3648 Ι
1227 3585 1261 3638 6
1311 3601 1372 3636 εκ
1416 3603 1510 3651 της
1543 3602 1646 3654 γης
1678 3593 1745 3642 >
1781 3583 1849 3648 Ε,
1913 3584 2045 3653 qui:
2082 3585 2239 3653 ponit
2261 3625 2273 3636 .
2320 3603 2415 3638 επι
2450 3605 2542 3652 της
2580 3604 2680 3654 γης
2714 3601 2744 3638 e
2806 3585 2815 3654 Ι

595 3669 628 3722 7
665 3687 834 3721 αυτου
874 3677 941 3727 >
981 3670 1054 3733 Ε,
1107 3689 1206 3723 του
1241 3674 1354 3723 λωτ
1389 3687 1417 3723 z
1449 3670 1457 3738 Ι
1487 3670 1522 3724 8
1548 3686 1651 3740 sqq
1686 3673 1953 3724 commata
1986 3671 2054 3725 27
2093 3672 2162 3725 28
2199 3673 2267 3726 29
2302 3673 2588 3735 ,‚desunt“
2622 3672 2679 3725 in
2721 3672 2771 3726 D
2808 3671 2816 3739 Ι

594 3753 630 3808 8
665 3760 946 3826 ωρθρισεν
979 3755 1082 3810 Art
1118 3755 1204 3824 [t2
1226 3781 1295 3800 =
1321 3754 1406 3826 b],
1449 3763 1721 3830 ορθρισεν
1754 3757 1829 3821 Ε,
1869 3762 2099 3832 ορθρισε
2132 3775 2188 3812 m
2227 3758 2237 3828 Ι
2283 3758 2320 3812 γ8
2352 3777 2427 3827 τῳ
2463 3756 2562 3821 ab,
2598 3777 2673 3810 τω
2716 3774 2817 3820 mr,

592 3857 656 3893 το
689 3839 867 3894 AEctz
923 3841 931 3909 Ι
982 3840 1017 3894 9
1055 3857 1264 3908 ιστηκει
1297 3841 1446 3896 ΑΕιιι
1465 3882 1478 3906 ,
1532 3857 1745 3909 εστηκει
1785 3859 1814 3896 e
1866 3846 1877 3909 Ι
1928 3842 1963 3896 9
2012 3844 2138 3898 ante
2177 3845 2429 3897 εναντιον
2464 3846 2530 3911 -Ι-
2574 3861 2685 3896 εκει
2723 3842 2768 3897 Ε
2807 3842 2815 3913 Ι

595 3928 629 3981 9
665 3945 851 3981 εναντι
882 3943 940 3982 ez
971 3928 980 3997 Ι
1015 3928 1081 3982 10
1113 3945 1418 4003 γομορρων
1452 3943 1481 3983 c
1511 3929 1522 3998 Ι
1556 3928 1623 3985 10
1656 3931 1783 3997 post
1822 3947 1915 3982 επι
1952 3931 2018 3997 -Ι-
2054 3947 2172 3982 παν
2206 3947 2235 3984 1·
2264 3934 2273 3998 Ι
2321 3931 2389 3987 10
2424 3932 2553 4000 post
2588 3944 2819 4001 προσω-

593 4031 706 4067 πον
749 4017 815 4083 -Ι-
853 4033 948 4082 της
983 4035 1086 4086 γης
1117 4014 1283 4078 Am,
1346 4016 1412 4084 -Ι-
1450 4031 1634 4083 πασης
1666 4035 1763 4083 της
1797 4034 1899 4086 γης
1932 4016 2005 4080 Ε,
2062 4017 2128 4084 -Ι-
2168 4032 2351 4084 πασης
2404 4035 2498 4083 της
2530 4035 2635 4086 γης
2672 4033 2817 4070 satec--

592 4119 688 4167 νης
723 4103 804 4155 mt
833 4103 842 4170 Ι
874 4101 939 4155 11
978 4103 1101 4156 ιδεν
1135 4099 1262 4166 ΑΕ,
1301 4103 1451 4156 acm
1483 4104 1597 4156 mrt
1635 4102 1717 4170 [³⁶²
1743 4127 1813 4149 =·
1837 4101 1894 4171 b]
1934 4119 1965 4156 z
1994 4103 2003 4170 Ι
2049 4101 2112 4155 11
2155 4109 2451 4169 ανεβαινεν
2485 4101 2652 4166 Abrt,
2692 4118 2819 4154 ανε-

593 4193 788 4253 βεννεν
820 4188 894 4251 Ε,
933 4195 1190 4256 ανεβαινε
1225 4191 1435 4253 amvz,
1471 4199 1538 4248 >
1577 4205 1605 4242 c
1636 4191 1645 4254 Ι
1680 4188 1743 4242 11
1778 4205 1839 4241 εκ
1874 4197 1942 4248 >
1979 4187 2155 4242 AEmt
2200 4188 2208 4255 Ι
2260 4188 2326 4241 11
2367 4203 2483 4254 ωση
2520 4188 2595 4252 Ε,
2632 4207 2705 4248 ως
2738 4202 2771 4240 ο
2805 4185 2814 4257 Ι

597 4273 752 4330 11112
787 4292 1058 4344 καμεινου
1091 4274 1138 4330 Α
1171 4274 1179 4341 Ι
1212 4276 1281 4330 12
1317 4293 1414 4329 τον
1438 4281 1574 4330 θεον
1598 4275 1718 4340 ber,
1758 4293 1949 4350 κυριον
1980 4273 2201 4339 Amin,
2223 4273 2354 4335 >E
2386 4274 2397 4345 Ι
2430 4275 2499 4329 13
2524 4277 2687 4332 πολις
2708 4273 2813 4342 El}

596 4359 665 4413 13
698 4376 1014 4432 περιχωρου
1048 4363 1132 4416 mt
1160 4362 1169 4430 Ι
1202 4363 1270 4417 13
1306 4365 1432 4430 post
1466 4369 1721 4432 εμνησθη
1760 4364 1824 4430 -Ι-
1866 4362 1929 4415 δε
1964 4377 1994 4414 o
2047 4362 2056 4428 Ι
2108 4363 2178 4416 13
2212 4381 2242 4424 ο
2278 4368 2417 4423 3204-
2452 4359 2683 4424 Aaborz,
2722 4378 2817 4412 κυ-

592 4462 712 4520 ,ριος
743 4445 863 4515 ΠΙ
897 4445 1015 4516 13s1
1053 4449 1431 4507 εξαπεστειλεν
1463 4447 1587 4502 ΑΕι·
