3169 4941
2528 438 2601 494 35

315 602 346 658 1
375 600 639 679 fratrem
681 599 856 661 illius
895 599 952 660 et
989 595 1278 660 Camuhel
1320 601 1562 680 patrem
1606 596 1902 688 Syrorum
1948 602 2005 660 et
2047 597 2279 662 Gasetlz.
2364 597 2605 681 primo-

383 700 932 786 genitusNachor
990 698 1206 764 fratris
1252 686 1574 766 Abraham
1622 699 1698 766 de
1742 699 1997 768 Melcha
2040 719 2231 766 uxore
2279 701 2411 768 eius
2453 693 2609 768 ‘filia

383 805 560 870 Aran
615 807 802 870 natus
859 805 958 868 est
996 803 1164 869 Hus:
1230 802 1306 869 de
1366 803 1542 870 cuius
1601 805 1797 888 stirpe
1852 805 1964 869 Iob
2026 803 2349 870 descendit
2366 855 2381 883 ,
2440 805 2613 872 sicut·

385 909 690 992 scriptum
733 909 832 972 est
875 907 941 971 in
988 907 1237 972 exordio
1286 908 1623 973 uoluminis
1671 907 1804 973 eius
1848 913 1952 972 uir
1972 908 2112 989 fuit
2154 914 2219 972 in
2260 914 2425 972 terra
2465 912 2607 974 Hus

317 1021 352 1076 5
387 1016 489 1078 Iob
547 1017 794 1077 nomine.
904 1011 1074 1077 male
1129 1011 1325 1095 igitur
1387 1010 1639 1094 quidam
1697 1011 2034 1077 aestimant
2084 1012 2203 1077 Iob
2246 1012 2322 1077 de
2378 1031 2605 1097 genere

385 1136 521 1183 esse
561 1117 762 1182 Esau:
807 1114 1115 1199 siquidem
1160 1115 1354 1194 illud,
1401 1117 1566 1199 quod
1609 1116 1674 1180 in
1721 1115 1844 1180 fine
1890 1114 2274 1199 libri'ipsius
2318 1116 2606 1195 habetur,

385 1241 455 1286 eo
473 1271 488 1299 ,
534 1221 698 1304 quod
723 1219 798 1284 de
833 1239 975 1303 syro
1021 1238 1306 1292 sermone
1335 1219 1679 1286 translatus
1712 1220 1809 1285 est
1833 1222 1897 1285 et
1926 1220 2186 1303 quartus
2216 1219 2301 1284 sit
2328 1219 2407 1286 ab
2436 1222 2607 1286 Esau

385 1327 450 1390 et
505 1325 780 1408 reliqua,
845 1341 1001 1406 quae
1061 1323 1152 1388 ibi
1213 1323 1646 1402 continentur,
1704 1324 1771 1388 in
1828 1323 2121 1388 hebraeis
2178 1323 2607 1391 uoluminibus

383 1447 510 1494 non
565 1428 894 1494 habentur.
995 1427 1306 1493 secundus
1367 1429 1554 1493 natus
1628 1430 1727 1493 est
1780 1426 1856 1492 de
1901 1427 2155 1494 Melcha
2195 1429 2361 1506 Buz‚
2420 1448 2605 1512 quem

283 1545 352 1600 10
386 1533 558 1597 LXX
608 1532 782 1596 Bauz
839 1530 1183 1596 transferre
1242 1531 1600 1596 uoluerunt.
1714 1533 1779 1596 et
1834 1549 1907 1594 ex
1948 1530 2167 1606 ⁴huius
2208 1550 2457 1616 genere
2508 1534 2607 1598 est

384 1636 646 1701 Balaam
691 1635 802 1700 ille
851 1634 1098 1700 diuinus
1116 1685 1131 1713 ,
1190 1636 1264 1699 111
1306 1634 1583 1700 Hebraei
1642 1635 1931 1712 tradunt,
1997 1635 2105 1718 qui
2162 1636 2228 1700 in
2285 1636 2447 1702 libro
2493 1637 2606 1702 Iob

386 1739 611 1806 dicitur
656 1740 881 1818 Helia,
938 1739 1211 1822 primum
1256 1739 1355 1803 uir
1400 1740 1655 1804 sanctus
1697 1741 1761 1804 et
1817 1739 2151 1821 prophetes
2197 1738 2327 1818 dei,
2385 1742 2607 1823 postea

383 1863 496 1928 per
552 1842 1082 1908 inoboedientiam
1147 1845 1214 1908 et
1274 1842 1649 1910 desiderium
1708 1861 2040 1909 munerum
2062 1891 2077 1921 ,
2153 1841 2303 1906 dum
2365 1843 2608 1928 Israhel

383 1946 760 2014 maledicere
807 1947 982 2031 cupit
999 1997 1014 2025 ,
1072 1947 1269 2013 diuini
1307 1945 1616 2013 uocabulo
1656 1947 2089 2032 nuncupatur:
2144 1946 2495 2030 diciturque
2538 1947 2607 2012 in

286 2065 353 2120 15
390 2050 610 2126 eodem
652 2051 812 2116 libro
859 2057 915 2115 et
951 2057 1150 2116 iratus
1188 2053 1384 2115 Heliu
1407 2053 1594 2133 filius
1624 2053 1952 2116 Bar-achiel
1980 2053 2262 2127 Buzites,
2305 2048 2380 2114 (16
2420 2049 2609 2114 huius

385 2155 680 2230 uidelicet
729 2155 889 2221 Buzi
942 2153 1153 2221 radice
1204 2154 1606 2220 descendens.
1708 2153 2013 2219 (lamuhel
2074 2173 2222 2218 uero
2274 2155 2458 2238 pater
2510 2153 2611 2218 681

383 2259 712 2325 Damasci:
757 2260 896 2342 ipsa
941 2258 1108 2324 enim
1145 2260 1409 2324 uocatur
1451 2257 1684 2337 Aram,
1730 2277 1889 2341 quae
1922 2259 2029 2324 hic
2071 2276 2184 2342 pro
2222 2256 2405 2340 Syria
2444 2258 2604 2322 scri-

385 2365 498 2447 pta
555 2363 684 2440 est,
741 2363 806 2428 et
866 2362 1000 2446 ipso
1057 2363 1310 2428 nomine
1375 2362 1611 2447 legitur
1663 2361 1731 2426 in
1782 2362 1967 2428 Isaia.
2066 2362 2295 2427 Caseth
2363 2380 2605 2444 quoque

387 2467 649 2551 quartus
673 2467 788 2544 est,
827 2486 864 2531 a
903 2486 1023 2550 quo
1049 2465 1332 2544 Casdim,
1373 2465 1440 2530 id
1477 2467 1576 2532 est
1600 2465 1899 2532 Chaldaei
1942 2466 2163 2550 postea
2192 2464 2402 2532 uocati
2439 2467 2606 2532 sunt.

281 2590 352 2645 20
561 2574 643 2634 Et
684 2576 922 2635 mortua
965 2576 1053 2635 est
1095 2572 1252 2635 Sara
1292 2575 1356 2634 in
1405 2575 1648 2635 ciuitate
1692 2571 1894 2635 Arboc
1909 2620 1926 2649 ‚
1983 2592 2131 2653 quae
2182 2574 2269 2633 est
2308 2574 2371 2633 in
2426 2572 2609 2650 ualle,

381 2679 526 2739 haec
581 2681 668 2739 est
710 2675 975 2739 Ghebron
1017 2679 1083 2739 in
1136 2680 1300 2739 terra
1345 2675 1641 2739 chanaan.
1745 2674 1865 2739 hoc
1883 2724 1898 2752 ,
1946 2671 2111 2756 quod
2171 2673 2293 2753 hic,
2328 2672 2606 2757 positum

386 2782 484 2845 est
523 2800 674 2863 quae
716 2785 804 2843 est
847 2784 912 2841 in
961 2781 1154 2857 ualle,
1211 2778 1279 2843 in
1335 2777 1717 2843 authenticis
1763 2776 2081 2841 codicibus
2140 2795 2267 2841 non
2323 2776 2609 2842 habetur.

385 2902 614 2949 nomen
661 2902 904 2966 quoque
920 2936 928 2943 .
945 2880 1220 2947 ciuitatis
1240 2880 1454 2948 Arboc
1496 2880 1808 2966 paulatim
1855 2899 1893 2945 a
1931 2879 2347 2946 scribentibus
2391 2880 2609 2963 legen-

385 2986 677 3070 tibusque
723 2989 1087 3071 corruptum
1132 2987 1245 3052 est,
1348 3004 1548 3070 neque
1598 2983 1763 3050 enim
1802 2984 2157 3067 putandum
2199 2983 2371 3049 LXX
2411 2984 2610 3049 inter-

285 3108 356 3163 25
391 3092 598 3173 pretes
665 3110 891 3155 nomen
939 3089 1214 3155 ciuitatis
1280 3088 1583 3155 hebraeae
1643 3088 1908 3155 barbare
1966 3090 2153 3172 atque
2198 3090 2489 3171 corrupte
2546 3090 2613 3151 61

392 3194 603 3271 811161,
651 3212 840 3277 quam
893 3194 959 3257 in
1005 3213 1115 3259 suo
1164 3193 1392 3260 dicitur
1406 3243 1423 3273 ‚
1481 3192 1901 3261 transtulisse.
1989 3191 2202 3257 Arboc
2245 3191 2413 3257 enim
2456 3190 2613 3255 nihil

391 3297 642 3361 omnino
690 3298 1019 3382 significat.
1111 3296 1221 3361 sed
1268 3295 1494 3363 dicitur
1537 3302 1742 3376 arbee,
1798 3297 1919 3361 hoc
1965 3298 2063 3362 est
2106 3298 2373 3381 quatuor
2391 3344 2407 3373 ‚
2467 3296 2613 3379 quia

389 3400 479 3466 ibi
500 3398 824 3466 Abraham
870 3402 934 3465 et
977 3402 1158 3465 Isaac
1203 3402 1267 3465 61
1309 3401 1499 3466 Iacob
1545 3400 1831 3465 conditus
1893 3404 1991 3464 est
2036 3401 2103 3465 et
2144 3399 2278 3482 ipse
2322 3398 2611 3482 princeps

393 3504 655 3570 humani
691 3504 938 3589 generis
964 3504 1207 3570 Adam:
1253 3505 1327 3569 ut
1368 3504 1437 3568 in
1465 3504 1669 3569 Hiesu
1711 3504 1871 3569 libro
1904 3502 2179 3585 apertius
2218 3499 2611 3565 demonstra—

289 3615 360 3671 30
394 3608 582 3675 bitur.

534 3780 2247 3852 410111,1115101132211818817,1120661123,2

533 3948 564 4001 1
614 3945 847 3997 camuhel
877 3951 940 4013 β,
995 3944 1266 3996 chamuhel
1304 3963 1367 4013 y,
1419 3943 1613 3995 camuel
1657 3962 1703 4013 φ
1745 3942 1754 4012 Ι
1797 3944 1828 3997 1
1882 3942 2056 3994 caseth
2104 3948 2224 4011 βγφ
2268 3939 2277 4009 Ι
2319 3940 2353 3995 3
2402 3956 2529 3991 81811
2558 3945 2611 4006 β,

395 4050 536 4087 aram
569 4052 623 4102 γ,
660 4035 826 4083 Arrun
857 4050 902 4102 φ
934 4030 943 4100 Ι
982 4031 1018 4086 3
1049 4047 1109 4083 118
1141 4050 1186 4101 φ
1223 4031 1232 4099 Ι
1273 4030 1308 4085 3
1341 4030 1429 4082 iob
1469 4032 1631 4096 stirpe
1664 4051 1709 4101 φ
1753 4029 1763 4098 Ι
1802 4030 1838 4085 4
1867 4046 1926 4081 us
1962 4048 2007 4099 φ
2047 4028 2055 4097 Ι
2098 4029 2133 4082 5
2168 4027 2254 4078 iob
2286 4027 2490 4079 nomine
2522 4032 2613 4095 βγ,

393 4121 480 4173 1011
515 4136 700 4171 nomen
731 4120 842 4169 eius
866 4137 911 4188 φ
942 4118 952 4186 Ι
983 4118 1018 4172 5
1049 4118 1340 4169 existimant
1363 4136 1406 4186 φ
1438 4118 1447 4184 Ι
1480 4120 1510 4173 7
1547 4118 1710 4184 equod
1734 4136 1779 4187 φ
1810 4117 1819 4185 Ι
1852 4119 1881 4172 7
1918 4116 2189 4167 translatus
2212 4115 2280 4163 sit
2303 4131 2348 4182 φ
2379 4112 2388 4179 Ι
2420 4110 2488 4166 12
2523 4114 2613 4162 he-

391 4208 496 4259 lius
521 4224 566 4276 φ
596 4206 605 4273 Ι
641 4205 914 4274 1318111111
945 4206 954 4273 Ι
986 4205 1054 4261 16
1089 4204 1318 4255 chamuel
1340 4210 1390 4271 β,
1437 4204 1707 4256 0118111111101
1740 4223 1801 4271 y,
1840 4202 2082 4254 Camuhel
2118 4204 2205 4271 φὶ,
2244 4198 2449 4251 camuel
2486 4200 2557 4269 ‘5¹²
2598 4198 2609 4266 Ι

397 4292 466 4348 18
501 4293 673 4343 caseth
708 4296 823 4360 βγφ
855 4290 863 4359 Ι
896 4290 963 4344 19
998 4290 1186 4341 casdim
1219 4296 1327 4358 βφ,
1366 4291 1593 4341 chasdim
1625 4311 1663 4359 y
1692 4292 1703 4359 Ι
1732 4290 1803 4347 20
1838 4288 2028 4340 arboch
2060 4306 2104 4358 φ
2136 4288 2145 4355 Ι
2174 4284 2242 4340 21
2276 4286 2490 4336 erebron
2523 4302 2559 4353 y
2600 4283 2609 4353 Ι

396 4378 466 4437 23
499 4378 692 4432 arboch
731 4394 778 4447 φ
809 4376 816 4447 Ι
849 4377 917 4433 26
951 4377 1295 4429 transtuuisse
1335 4376 1522 4428 arboch
1563 4395 1611 4448 φ
2101 4445 2137 4503 3
2161 4443 2194 4475 δ
