3169 4941
1147 873 1820 980 ΓΕΝΕΣΙΣ.

302 1095 331 1140 1
378 1160 384 1164 .
533 1064 639 1132 Ἐν
679 1063 836 1157 ἀρχῇ
865 1065 1231 1157 ἐποίησεν(
1200 1094 1236 1135 ο
1268 1069 1431 1149 θεὸς
1464 1070 1581 1138 τὸν
1612 1064 1886 1159 οὐρανὸν
1917 1070 2030 1138 καὶ
2064 1071 2178 1161 τὴν
2220 1080 2346 1163 γῆν.
2401 1073 2481 1116 2‘
2446 1102 2485 1165 η
2515 1077 2589 1144 δέ
2626 1075 2667 1142 1

363 1175 442 1258 γῆ
484 1163 559 1260 ἦν
604 1167 883 1259 ἀόρατος
938 1172 1049 1239 καί
1109 1165 1671 1252 ἇκατασκεύαστος
1687 1227 1703 1256 ,
1767 1173 1880 1241 καὶ
1933 1170 2171 1255 σκότος
2207 1175 2432 1244 ἐπάνω
2475 1185 2590 1267 τῆς

363 1265 653 1358 άβύσσου
667 1327 683 1358 ,
741 1276 852 1342 καὶ
904 1285 1157 1361 πνεῦμα
1217 1284 1382 1345 θεοῦ
1438 1277 1799 1368 ἐπεφέρετο
1869 1276 2093 1346 ἐπάνω
2164 1289 2280 1348 τοῦ
2335 1280 2589 1364 ὕδατος.

370 1377 519 1444 3καὶ
576 1371 761 1445 εἶπεν
819 1376 855 1447 6
912 1380 1077 1460 θεὸς
1125 1381 1472 1471 Γενηθήτω
1515 1386 1686 1471 φῶς,
1747 1381 1864 1448 καὶ
1921 1382 2170 1468 ἐγένετο
2212 1390 2368 1475 φῶς.
2439 1388 2590 1456 *aaz

298 1505 331 1552 5
364 1475 534 1548 εἶδεν
584 1480 620 1549 6
665 1483 829 1562 θεὸς
872 1483 950 1551 τὸ
994 1491 1135 1574 φῶς
1178 1482 1283 1551 ὅτι
1329 1485 1541 1552 καλόν.
1608 1485 1722 1552 καὶ
1766 1483 2135 1574 διεχώρισεν
2177 1486 2214 1556 6
2258 1490 2423 1570 θεὸς
2467 1484 2590 1558 ἇνά

360 1584 560 1671 μέσον
602 1592 716 1653 τοῦ
755 1587 977 1676 φωτὸς
1019 1587 1134 1654 καὶ
1177 1581 1296 1655 άνὰ
1322 1589 1531 1673 ,μέσον
1572 1596 1690 1656 τοῦ
1739 1585 2024 1669 σκότους.
2092 1591 2243 1658 5καὶ
2282 1590 2586 1661 ἐκάλεσεν

363 1685 399 1758 6
450 1689 616 1770 θεὸς
669 1689 746 1760 τὸ
804 1699 949 1781 φῶς
998 1690 1243 1781 ἡμέραν
1302 1691 1417 1759 καὶ
1466 1692 1542 1759 τὸ
1603 1689 1840 1772 σκότος
1898 1689 2162 1761 ἐκάλεσε
2204 1691 2417 1764 νύκτα.
2472 1697 2588 1763 καὶ

362 1791 611 1879 ἐγένετο
657 1790 907 1881 ἑσπέρα
952 1795 1066 1861 καὶ
1123 1795 1376 1882 ἐγένετο
1433 1794 1614 1885 πρωὶ
1665 1793 1872 1885 ἡμέρα
1926 1795 2064 1881 μία.
2133 1798 2283 1865 ὅκαὶ
2322 1793 2508 1867 εἶπεν
2554 1797 2591 1870 6

363 1897 523 1977 θεὸς
565 1898 913 1988 Γενηθήτω
951 1899 1284 1987 στερέωμα
1328 1899 1394 1966 ἐν
1433 1899 1616 1987 μέσῳ
1660 1904 1777 1966 τοῦ
1801 1898 2065 1984 ὕδατος,
2111 1901 2225 1968 καὶ
2256 1901 2424 1970 ἔστω
2453 1905 2590 1971 δια-

265 2025 327 2071 10
356 1998 627 2089 χωρίζον
670 1998 794 2068 ἀνὰ
821 2002 1023 2087 μέσον
1050 2003 1287 2084 ῧδατος
1314 2003 1429 2070 καὶ
1456 2002 1704 2083 ὕδατος.
1746 2003 1857 2070 καὶ
1888 2004 2135 2090 ἐγένετο
2165 2005 2389 2088 οὕτως.
2442 2007 2590 2074 'nal

360 2101 665 2194 ἐποίησεν
721 2102 758 2175 6
817 2107 983 2186 θεὸς
1036 2107 1113 2174 τὸ
1173 2106 1520 2195 στερέωμα.
1580 2107 1694 2174 καὶ
1754 2104 2124 2197 διεχώρισεν
2178 2107 2215 2178 6
2257 2111 2424 2192 θεὸς
2463 2108 2590 2178 άνά

361 2207 567 2293 μέσον
602 2217 717 2276 τοῦ
760 2207 1025 2294 ὓδατος,
1074 2203 1111 2278 ‘6
1152 2205 1577 2300 ἧνῦποκάτω
1639 2218 1756 2278 τοῦ
1804 2208 2250 2303 στερεώματος
2304 2213 2420 2280 καὶ
2463 2208 2592 2281 άνὰ

359 2311 558 2396 μέσον
598 2317 713 2380 τοῦ
752 2312 987 2410 ὕδατος
1027 2322 1142 2382 τοῦ
1188 2313 1414 2381 ἐπάνω
1441 2320 1557 2382 τοῦ
1594 2309 2051 2408 στερεώματος.
2106 2319 2134 2358 ⁸
2147 2316 2261 2383 καὶ
2291 2316 2592 2384 ἐκάλεσεν

361 2412 398 2484 6
446 2416 609 2496 θεὸς
650 2416 727 2484 τὸ
785 2417 1117 2507 στερέωμα
1165 2411 1451 2508 οὐρανόν.
1514 2417 1629 2486 καὶ
1687 2411 1855 2485 εἶδεν
1912 2414 1949 2488 6
2004 2417 2170 2500 θεὸς
2226 2417 2329 2488 ὅτι
2370 2417 2589 2488 καλόν.

503 2625 823 2680 Inscribitm·
859 2626 999 2681 liber
1036 2642 1253 2696 γενεσις
1284 2643 1502 2700 κοσμου
1539 2627 1600 2681 in
1622 2626 1696 2691 A,
1733 2640 1948 2696 γενεσις
1967 2626 2026 2680 in
2048 2626 2192 2681 Eabz
2211 2667 2226 2692 ‚
2265 2644 2375 2681 non
2397 2627 2589 2683 inscri-

362 2710 509 2766 bitur
546 2713 607 2766 in
641 2716 789 2768 crtw.
831 2730 885 2767 m
937 2713 1052 2783 (qui
1088 2716 1331 2769 catenam
1368 2712 1535 2769 habet
1570 2712 1900 2781 adiunctam)
1937 2732 2034 2767 του
2074 2732 2240 2783 αγιου
2289 2734 2588 2787 προφητου

364 2815 590 2870 μωσεως
632 2817 710 2858 εις
754 2818 853 2867 την
905 2814 1129 2872 κοσμου
1182 2816 1403 2871 γενεσιν
1432 2804 1467 2868 Ἰ
1534 2802 1561 2855 1
1605 2799 1672 2853 de
1707 2800 1897 2869 primis
1949 2798 2146 2853 codicis
2179 2800 2229 2853 A
2264 2799 2411 2855 foliis
2464 2800 2590 2855 uide

364 2883 757 2953 praefationem
798 2889 807 2953 Ι
851 2887 877 2940 1
909 2886 967 2940 in
990 2903 1046 2940 m
1060 2927 1073 2951 ‚
1112 2903 1277 2957 quum
1311 2903 1500 2957 margo
1523 2886 1684 2941 unius
1707 2886 1940 2956 paginae
1963 2884 2416 2951 adnotationibus,
2452 2902 2589 2957 quas

366 2970 436 3025 ad
472 2987 679 3025 comma
712 2972 945 3040 primum
983 2972 1111 3027 addi
1144 2972 1412 3027 debebant
1426 3014 1439 3038 ‚
1504 2972 1826 3041 recipiendis
1868 2987 1978 3025 non
2025 2972 2322 3037 sufficeret,
2383 2988 2591 3026 comma

368 3058 602 3127 primum
634 3060 720 3111 ter
752 3059 815 3112 in
846 3058 1023 3113 tribus
1058 3060 1274 3128 paginis
1310 3058 1658 3129 sequentibus
1693 3058 1952 3127 scriptum
1988 3060 2074 3113 est
2119 3059 2128 3126 Ι
2180 3059 2210 3111 1
2248 3058 2318 3113 ad
2352 3076 2413 3113 εν
2449 3079 2590 3132 αρχῃ

365 3143 625 3199 adscribit
655 3162 684 3198 1·
720 3146 815 3216 ἑβρ
852 3152 1057 3219 βρασίθ
1099 3148 1157 3199 ct
1192 3146 1297 3199 άκυ
1334 3148 1394 3200 ἐν
1430 3149 1721 3218 κεφαλαιω
1754 3147 1763 3212 Ι
1794 3146 1828 3199 2
1870 3144 1940 3199 ad
1976 3164 2222 3218 αορατος
2256 3166 2351 3199 και
2382 3152 2589 3199 ακαταὲ-

366 3247 659 3291 σκευαστος
696 3230 957 3285 adscribit
989 3250 1018 3286 1·
1054 3247 1123 3285 συ
1162 3230 1336 3305 ἀργὸν
1372 3236 1467 3286 καὶ
1504 3232 1828 3301 ἀδιάκριτον
1867 3234 1924 3285 et
1958 3237 2001 3283 θ
2036 3238 2141 3284 θεν
2177 3236 2271 3285 καὶ
2303 3232 2490 3286 οὐθέν.
2525 3232 2586 3285 111

366 3317 608 3387 margine
638 3315 674 3371 b
709 3317 909 3387 Aquila
940 3336 1165 3390 κενωμα
1202 3338 1297 3371 και
1334 3319 1529 3383 ουδεν,
1587 3317 1935 3387 Symmachus
1984 3336 2163 3389 αργον
2197 3338 2292 3371 και
2329 3318 2587 3394 αδιακρι-

364 3422 462 3456 τον
475 3446 488 3468 ,
528 3403 821 3459 Theodotio
855 3423 1016 3459 κενον
1052 3424 1146 3458 και
1184 3411 1357 3459 ουθεν
1390 3404 1590 3460 habere
1625 3405 1856 3459 refertus
1885 3406 1894 3475 Ι
1925 3404 1960 3458 2
1992 3406 2120 3473 post
2154 3420 2344 3463 σκοτος
2367 3404 2434 3471 -Ι-
2459 3422 2588 3459 επε-

367 3506 513 3543 xum
546 3506 579 3543 a
633 3491 642 3557 Ι
710 3492 743 3544 3
786 3508 1101 3563 επεφερετω
1135 3489 1181 3543 Ε
1212 3491 1222 3560 Ι
1253 3492 1287 3545 3
1331 3492 1567 3551 υδαστος
1600 3491 1646 3545 Ε
1678 3493 1686 3561 Ι
1738 3492 1770 3545 5
1808 3492 1932 3545 ιδεν
1964 3490 2113 3555 ΑΕΖ,
2156 3490 2217 3543 in
2247 3488 2297 3543 A
2330 3490 2590 3558 praemis-

366 3590 501 3643 sum·
535 3593 559 3629 ε
607 3577 891 3645 paruulum
934 3593 969 3630 a
1018 3579 1313 3631 correctore
1356 3578 1562 3633 recenti
1615 3581 1626 3645 Ι
1678 3580 1714 3635 5
1767 3578 2108 3649 διεχωρησεν
2139 3592 2170 3631 z
2219 3577 2230 3642 Ι
2284 3577 2315 3631 7
2365 3579 2589 3630 εκαλεσε

366 3660 603 3726 abcmrz‚
666 3665 920 3715 εκαλεσεν
964 3661 1087 3715 AEt
1138 3666 1146 3730 Ι
1196 3662 1229 3715 9
1266 3669 1539 3733 γενηθητο
1575 3662 1621 3716 Ε
1667 3664 1676 3731 Ι
1728 3662 1761 3715 9
1801 3680 1871 3733 εμ
1906 3680 2064 3733 μεοω
2098 3660 2144 3714 Ε
2188 3664 2196 3732 Ι
2251 3660 2402 3729 10s11
2430 3678 2591 3716 uoca-

368 3746 495 3802 bula
530 3748 673 3801 inter
709 3748 911 3807 υδατος
944 3747 1175 3802 alterum
1210 3750 1267 3802 et
1292 3763 1555 3815 εποιησεν
1594 3748 1657 3803 11
1697 3748 1878 3803 media
1917 3763 2077 3817 super
2110 3763 2355 3802 rasuram
2390 3749 2592 3817 scripta

368 3834 427 3887 in
449 3834 499 3887 A
535 3850 699 3889 manu
736 3834 827 3887 uel
867 3834 1042 3902 prima
1074 3834 1165 3888 uel
1187 3832 1440 3899 secunda,
1478 3834 1859 3905 antiquissima
1887 3837 2055 3889 certe.
2089 3835 2206 3889 ueri
2231 3834 2408 3887 simile
2440 3834 2591 3887 uide-

368 3922 459 3973 tur
502 3920 784 3975 librarium
797 3961 811 3984 ‚
849 3924 1141 3991 postquam
1187 3923 1383 3980 υδατος
1429 3940 1524 3975 και
1573 3922 1850 3992 exarauit,
1909 3921 2100 3976 statim
2148 3920 2422 3975 addidisse
2471 3938 2590 3989 εγε-

370 4024 496 4061 νετο
546 4009 637 4061 κτὲ
650 4048 667 4075 ,
726 4006 868 4076 quod
915 4024 1079 4078 quum
1124 4007 1215 4061 uel
1250 4007 1367 4076 ipse
1413 4008 1505 4062 uel
1543 4011 1810 4063 corrector
1855 4007 2076 4077 quidam
2135 4022 2361 4061 coaeuus
2395 4004 2596 4060 falsum

371 4110 488 4148 esse
520 4094 909 4163 perspexisset,
946 4095 1183 4149 radendo
1220 4095 1461 4149 deletum
1494 4098 1581 4149 est
1633 4116 1642 4164 Ι
1703 4094 1770 4148 10
1805 4114 1900 4147 και
1937 4110 2154 4163 εγενετο
2201 4111 2369 4152 ουτως
2399 4101 2470 4151 >
2505 4107 2536 4146 c
2580 4093 2588 4161 Ι

373 4180 525 4249 11114
564 4196 702 4249 quae
751 4180 898 4234 inter
942 4202 1038 4236 και
1079 4182 1143 4236 11
1170 4183 1227 4235 et
1262 4200 1499 4256 ουρανον
1538 4182 1608 4235 14
1639 4179 1819 4233 media
1853 4182 2007 4243 sunt,
2061 4177 2148 4232 bis
2186 4178 2388 4247 scripta
2420 4177 2480 4232 in
2520 4192 2596 4231 m.

368 4265 583 4321 additur
622 4266 683 4320 111
718 4267 964 4337 margine
996 4282 1307 4338 σημειωσαι
1334 4267 1590 4342 δευτερον
1615 4283 1832 4337 εγραφη
1857 4284 1924 4319 ου
1949 4283 2052 4317 κατ
2076 4266 2284 4331 αληθη,
2323 4266 2464 4317 αλλα
2497 4264 2595 4317 δια

366 4371 434 4406 τα
458 4355 664 4421 σχολια
694 4355 705 4419 Ι
738 4354 805 4408 11
839 4354 1179 4427 διεχωρησεν
1212 4369 1244 4407 z
1274 4353 1285 4421 Ι
1316 4353 1381 4408 11
1420 4372 1451 4405 ο
1485 4358 1620 4411 θεος
1651 4350 1882 4405 alterum
1916 4359 1985 4411 >
2023 4366 2052 4401 z
2082 4347 2092 4419 Ι
2126 4348 2192 4405 13
2215 4351 2343 4419 post
2365 4364 2598 4425 στερεω-

364 4457 546 4509 ματος
576 4439 643 4507 -Ι-
683 4459 779 4492 και
820 4457 1037 4509 εγενετο
1076 4459 1245 4499 οιτως
1276 4440 1333 4493 rt
1374 4439 1383 4509 Ι
1434 4438 1503 4492 14
1540 4439 1663 4494 ιδεν
1704 4435 1828 4491 AEz

2121 4532 2158 4589 1
