3169 4941
556 416 662 473 200
1483 412 1707 471 Genesis
1744 414 1832 470 48.

557 574 720 656 θεὸς
761 574 1070 644 ἐνταῦθα.
1125 574 1232 641 καὶ
1279 566 1462 641 εἶπεν
1496 566 1740 660 Ἰακώβ
1782 573 2168 662 Προσάγαγέ
2210 600 2323 659 μοι
2366 568 2616 655 αὐτούς,
2663 576 2768 643 ἵνα
2805 591 2831 635 1

555 672 874 768 εὖλογήσω
936 674 1180 758 αὐτούς.
1278 683 1339 721 ²⁰
1359 674 1420 745 οἱ
1482 671 1827 768 ὀφθαλμοὶ
1884 678 1957 746 δὲ
1998 671 2257 768 Ἰσραὴλ
2299 678 2767 768 ἑβαρυώπησαν

557 775 693 851 ἆπὸ
737 789 853 850 τοῦ
897 782 1099 873 γήρως
1113 836 1128 866 ,
1173 781 1284 849 καὶ
1323 775 1436 849 οὐκ
1465 778 1739 871 ἠδύνατο
1767 782 2035 867 βλέπειν
2056 807 2070 821 ·
2122 784 2234 850 καὶ
2264 779 2517 870 ἤγγισεν
2546 780 2768 864 αὐτοὺς

555 886 726 973 πρὸς
780 881 973 954 αὐτόν
984 940 1002 970 ,
1073 886 1182 953 καὶ
1239 883 1540 975 ἐφίλησεν
1608 879 1835 966 αὐτοὺς
1904 888 2014 954 καὶ
2084 889 2461 973 περιέλαβεν
2519 882 2765 967 αὐτούς.

567 997 624 1037 ¹¹
643 991 754 1059 καὶ
809 984 990 1059 εἶπεν
1030 982 1286 1081 Ἰσραὴλ
1341 992 1512 1076 πρὸς
1551 988 1799 1080 Ἰωσὴφ
1840 985 2009 1059 Ἰδοὺ
2061 1000 2177 1059 τοῦ
2236 987 2595 1077 προσώπου
2650 1014 2767 1060 σου
2800 1009 2831 1055 5

557 1088 672 1163 οὔκ
717 1090 1073 1185 εστερὴθην
1093 1146 1110 1175 ,
1183 1094 1296 1161 καὶ
1341 1092 1483 1163 ἰδοὺ
1525 1093 1730 1221 ἐδειξέ
1772 1122 1884 1179 μοι
1931 1092 1967 1163 ὁ
2012 1096 2174 1175 θεὸς
2231 1095 2344 1164 καὶ
2387 1095 2463 1164 τὸ
2504 1095 2766 1183 σπέρμα

561 1224 696 1269 σου.
795 1198 975 1267 12και
1034 1195 1332 1286 ἐξήγαγεν
1393 1192 1618 1278 αὐτοὺς
1665 1191 1913 1289 Ἰωσὴφ
1970 1192 2107 1268 απὸ
2164 1208 2293 1267 τῶν
2334 1200 2616 1285 γονάτων
2658 1192 2765 1267 αὗ-

553 1312 702 1386 τοῢ,
771 1302 881 1369 καὶ
939 1302 1422 1391 προσεκύνησαν
1481 1299 1657 1391 αὐτῷ
1702 1304 1821 1371 ἐπὶ
1879 1300 2237 1393 πρόσωπον
2295 1303 2413 1371 ἐπὶ
2478 1310 2594 1394 τῆς
2636 1310 2767 1394 γῆς.

565 1408 846 1494 “Zasscz‘w
883 1408 955 1475 δὲ
991 1404 1233 1497 Ἰωσὴφ
1277 1408 1420 1487 τοὺς
1466 1404 1578 1475 δύο
1624 1406 1805 1489 υιούς
1846 1406 2037 1476 αὐτοῦ
2054 1464 2069 1491 ,
2116 1405 2229 1475 τόν
2272 1434 2343 1475 τε
2380 1406 2655 1498 Ἐφραῒμ
2698 1408 2767 1477 ἐν

554 1520 634 1603 τῇ
671 1514 853 1601 δεξιᾷ
869 1564 887 1595 ,
927 1510 1002 1593 ἐξ
1040 1503 1394 1598 ἀριστερῶν
1439 1512 1511 1579 δὲ
1548 1510 1829 1602 Ἰσραήλ,
1874 1514 1989 1580 τὸν
2032 1514 2104 1581 δὲ
2134 1518 2463 1604 Μανασσῆ
2508 1514 2580 1595 ἐξ
2622 1508 2768 1601 ἆρι-
2808 1531 2875 1576 10

554 1624 830 1704 στερῶν,
879 1616 952 1683 έκ
997 1616 1222 1696 δεξιῶν
1264 1616 1336 1683 δὲ
1374 1610 1651 1707 Ἰσραήλ,
1699 1615 1949 1707 ἤγγισεν
1983 1615 2217 1697 αὐτοὺς
2246 1612 2443 1705 αὐτῷ.
2491 1616 2769 1685 14ἐκτεί-

556 1746 674 1801 νας
734 1719 807 1788 δὲ
846 1712 1093 1808 Ἰσραὴλ,
1146 1719 1257 1808 τὴν
1312 1726 1494 1809 χεῖρα
1557 1722 1671 1811 τὴν
1717 1720 1931 1801 δεξιὰν
1974 1720 2291 1806 ἐπέβαλεν
2338 1721 2457 1789 ε’πὶ
2497 1723 2612 1811 τὴν
2660 1747 2767 1789 κε-

555 1825 764 1915 φαλὴν
797 1817 1084 1913 Ἐφραῒμ
1141 1814 1350 1910 (οὗτος
1391 1824 1464 1892 δὲ
1507 1819 1580 1914 ἦν
1626 1822 1662 1891 ὃ
1704 1820 2037 1912 νεώτερος)
2110 1824 2225 1891 καὶ
2266 1826 2383 1915 τὴν
2426 1818 2769 1915 α’ριστερὰν

557 1927 677 1997 ἐπὶ
713 1928 828 2018 τὴν
873 1928 1156 2017 κεφαλὴν
1199 1932 1558 2018 Μανασσῆ,
1602 1927 1879 2010 ἐναλλὰξ
1917 1930 2035 2009 τὰς
2068 1935 2300 2018 χεῖρας.
2367 1930 2549 1997 15καὶ
2590 1922 2768 1997 εὐλό-

555 2055 740 2121 γησεν
794 2024 1025 2111 αὖτοὺς
1070 2031 1179 2097 καὶ
1237 2026 1421 2099 εἶπεν
1453 2030 1527 2099 Ὁ
1569 2029 1757 2115 θεός,
1807 2024 1860 2121 ᾦ
1897 2026 2321 2124 εὖηρέστησαν
2380 2031 2444 2100 οἱ
2492 2034 2771 2122 πατέρες
2810 2056 2873 2101 15

554 2160 678 2221 μου
729 2135 1012 2203 ἐνώπιον
1067 2127 1259 2202 αἰτοῦ
1312 2128 1617 2223 Ἀβραὰμ
1672 2136 1785 2203 καὶ
1822 2134 2039 2203 Ἰσαάκ
2059 2192 2074 2221 ,
2152 2136 2188 2206 ὃ
2235 2137 2397 2217 θεὸς
2442 2134 2479 2205 ὁ
2517 2136 2769 2227 τρέφων

555 2265 636 2325 με
682 2239 756 2307 ἐκ
800 2234 1098 2327 νεότητος
1142 2237 1264 2319 ἕως
1300 2244 1414 2330 τῆς
1457 2236 1701 2329 ἡμέρας
1748 2238 2012 2329 ταύτης,
2080 2237 2189 2311 1θὸ
2231 2238 2498 2328 ἅγγελος
2541 2238 2577 2309 ὃ
2626 2242 2771 2331 ῥυό-

553 2339 746 2427 μενός
783 2368 864 2428 με
909 2342 982 2410 ἐκ
1027 2338 1286 2411 πάντων
1325 2348 1452 2411 τῶν
1491 2350 1736 2428 κακῶν,
1789 2338 2127 2435 εὖλογήσαι
2158 2345 2239 2413 τὰ
2269 2344 2505 2414 παιδία
2536 2352 2768 2413 ταῦτα·

555 2447 664 2516 καὶ
719 2446 1236 2538 έπικληθήσεται
1299 2446 1364 2517 ἐν
1403 2441 1627 2530 αὐτοῖς
1693 2448 1769 2517 τὸ
1828 2446 2035 2536 ὄνομα
2086 2455 2210 2537 μοῦ
2270 2450 2378 2519 καὶ
2430 2451 2506 2518 τὸ
2564 2448 2770 2536 ὄνομα

556 2557 687 2620 τῶν
727 2552 1027 2641 πατέρων
1081 2579 1206 2639 μου
1253 2551 1550 2643 Ἀβραὰμ
1601 2555 1711 2622 καὶ
1751 2547 1979 2623 Ἰσαάκ
1998 2609 2013 2639 ,
2074 2556 2184 2623 καὶ
2230 2554 2769 2645 πληθυνθείησαν
2807 2572 2877 2618 20

699 2802 726 2855 1
765 2818 1150 2875 προσαγαγετε
1189 2820 1216 2854 z
1248 2805 1258 2868 Ι
1289 2803 1322 2855 2
1361 2804 1424 2856 δε
1461 2806 1752 2874 οφθαλμοι
1790 2802 1839 2856 D
1868 2803 1984 2873 [GR]
2022 2819 2083 2856 cx
2112 2807 2122 2870 Ι
2152 2804 2186 2857 2
2222 2803 2442 2875 ισραηλ]
2481 2823 2648 2857 αυτου
2670 2804 2769 2858 AD

558 2889 674 2959 [GR]
699 2892 841 2954 amt,
881 2895 1053 2956 ιακωβ
1087 2905 1117 2942 z
1169 2893 1178 2955 Ι
1234 2889 1268 2942 2
1305 2896 1689 2962 εβαρυνθησαν
1722 2907 1803 2954 oz,
1846 2897 2232 2964 εβαρυοπῃσαν
2265 2893 2291 2945 t
2328 2891 2337 2960 Ι
2388 2891 2422 2944 3
2457 2911 2661 2963 γηρους
2692 2893 2721 2944 (ὲ
2758 2891 2766 2962 Ι

556 2977 642 3047 317
678 2992 711 3030 a
747 2996 840 3030 και
875 2976 1040 3045 priori
1077 2977 1112 3030 3
1151 2992 1322 3046 usque
1358 2976 1427 3031 ad
1473 2995 1542 3046 γο
1592 2977 1737 3031 uocis
1791 2995 2046 3045 γονατων
2083 2978 2113 3031 7
2158 2977 2217 3030 in
2260 2994 2447 3032 rasura
2480 2977 2527 3032 A
2566 2995 2773 3042 „manu

556 3063 940 3132 perantiqua“,
997 3078 1131 3132 quae
1163 3063 1222 3116 in
1259 3062 1398 3117 corio
1435 3064 1639 3116 intacto
1673 3079 1843 3133 usque
1878 3063 1948 3116 ad
1986 3079 2402 3135 προσεκυνησαν
2436 3064 2471 3118 8
2504 3065 2721 3133 scripsit
2757 3064 2766 3136 Ι

557 3148 590 3202 3
625 3167 727 3217 ουχ
764 3149 1027 3201 εδυναντο
1061 3146 1110 3201 A
1146 3148 1308 3219 [corr]
1363 3151 1372 3217 Ι
1425 3151 1461 3204 3
1494 3150 1771 3216 ηδυναντο
1807 3149 1857 3203 D
1888 3149 1997 3219 [GR]
2028 3165 2122 3203 ax.
2174 3150 2254 3204 ita
2286 3167 2369 3214 m,
2424 3151 2469 3203 si
2516 3151 2769 3204 lineolam

555 3234 675 3288 uoci
710 3233 950 3300 ηδυνατο
987 3234 1279 3303 inpositam
1315 3239 1501 3290 contra
1533 3252 1738 3290 morem
1774 3235 2011 3300 librarii,
2064 3237 2155 3306 qui
2204 3238 2262 3290 in
2314 3237 2505 3291 mediis
2550 3238 2769 3292 uocibus

555 3340 588 3375 ν
623 3335 914 3390 numquam
947 3319 1048 3375 hoe
1081 3322 1234 3376 modo
1271 3323 1544 3391 exprimit,
1581 3341 1615 3374 ν
1649 3323 1786 3378 uelis
1821 3323 1999 3394 legere
2018 3363 2033 3376 .
2082 3323 2351 3376 εδυναντο
2386 3340 2415 3376 z
2460 3326 2471 3390 Ι
2514 3327 2547 3380 3
2582 3343 2767 3394 εγγει-

557 3423 652 3474 σεν
690 3407 739 3462 Α
777 3409 940 3474 [corr]
961 3447 974 3470 ,
1011 3424 1268 3478 ηγγεισεν
1303 3427 1330 3461 z
1380 3411 1389 3476 Ι
1433 3411 1467 3464 3
1505 3412 1630 3463 ante
1668 3429 1865 3468 αυτους
1902 3413 1965 3478 -Ι-
2007 3411 2067 3464 δε
2106 3408 2154 3462 Α
2192 3410 2345 3479 [corr]
2398 3412 2408 3478 Ι
2462 3410 2495 3465 5
2532 3429 2593 3463 το
2630 3429 2768 3482 προ-

555 3509 748 3547 σωπον
781 3495 837 3548 tz
867 3495 877 3559 Ι
908 3495 941 3548 6
978 3495 1186 3554 εδειξεν
1219 3494 1268 3549 A
1305 3496 1468 3564 [corr]
1494 3501 1565 3548 1¹
1598 3497 1607 3567 Ι
1638 3499 1671 3552 6
1714 3515 1806 3550 και
1844 3498 2076 3552 alterum
2100 3506 2167 3554 >
2194 3501 2288 3549 m¹
2320 3499 2329 3562 Ι
2361 3499 2391 3551 7
2430 3496 2569 3566 απο]
2613 3515 2671 3550 εκ
2694 3496 2763 3568 a}

555 3579 590 3633 8
625 3599 723 3647 την
756 3599 862 3651 γην
888 3582 936 3635 D
965 3581 1080 3651 [GR]
1106 3584 1216 3636 mtz
1247 3585 1256 3649 Ι
1285 3583 1318 3636 9
1357 3584 1432 3653 τε]
1473 3601 1580 3654 μεν
1618 3600 1647 3638 c
1676 3585 1685 3651 Ι
1719 3585 1786 3638 10
1818 3588 1945 3653 post
1978 3585 2131 3652 δεξιᾳ
2170 3586 2233 3650 -Ι-
2273 3603 2439 3636 αυτου
2476 3599 2503 3637 e
2547 3583 2557 3652 Ι
2608 3583 2675 3640 10
2710 3587 2769 3645 εξ

553 3667 703 3737 prius
740 3676 809 3728 >
845 3669 873 3720 t
902 3668 910 3736 Ι
943 3667 1097 3738 10111
1133 3688 1229 3722 τον
1263 3688 1321 3723 τε
1355 3686 1621 3740 μανασση
1657 3690 1720 3737 τη
1760 3670 2013 3743 αριστερα
2036 3670 2213 3740 D[GB,]
2247 3673 2257 3736 Ι
2290 3671 2357 3726 10
2390 3685 2681 3740 μαννασση
2698 3670 2762 3734 A,

552 3768 847 3824 μανασσην
871 3755 953 3806 mt
978 3753 1174 3824 [x²??]
1203 3773 1230 3807 z
1261 3755 1271 3823 Ι
1304 3755 1455 3826 10111
1497 3773 1555 3810 εν
1590 3775 1653 3821 τη
1696 3775 1949 3831 αριστερα
1984 3755 2066 3810 Aa
2101 3757 2215 3826 [qui
2237 3777 2269 3830 ῃ
2294 3758 2349 3826 ᾳ]
2390 3772 2419 3809 c
2458 3757 2570 3825 [qui
2604 3756 2655 3829 ῃ]
2684 3759 2766 3810 mt

557 3838 674 3908 [qui
710 3839 816 3908 τηι]
860 3855 921 3892 xz
963 3840 970 3908 Ι
1017 3843 1082 3895 11
1119 3841 1206 3908 δε]
1249 3860 1344 3894 του
1379 3858 1410 3894 z
1447 3844 1457 3907 Ι
1505 3845 1568 3897 11
1610 3844 1736 3896 ante
1776 3859 2007 3913 ηγγισεν
2044 3845 2108 3912 -Ι-
2146 3863 2239 3896 και
2278 3859 2307 3896 ε
2350 3843 2358 3912 Ι
2405 3846 2470 3899 11
2506 3859 2764 3912 ηγγεισεν

553 3926 630 3981 Az
661 3928 670 3994 Ι
705 3925 771 3980 12
813 3944 910 3992 την
949 3927 1136 3988 δεξιαν
1162 3945 1328 4003 χειρα
1363 3928 1412 3982 D
1440 3927 1556 3999 [Gn]
1581 3945 1616 3980 x
1646 3929 1656 3998 Ι
1696 3931 1763 3984 12
1798 3933 2064 3998 επελαβεν
2098 3947 2161 3992 a,
2204 3937 2473 3996 επεθηκεν
2504 3945 2533 3983 c
2576 3931 2585 3997 Ι
2626 3930 2690 3984 13
2728 3951 2759 3984 ο

556 4021 624 4072 >
658 4028 692 4067 ε.
721 4013 730 4081 Ι
764 4012 832 4066 14
861 4029 1152 4084 μαννασση
1188 4013 1237 4066 Α
1268 4015 1277 4079 Ι
1311 4015 1379 4069 14
1414 4017 1713 4076 εναλλαξας
1744 4016 1795 4070 D
1822 4015 1935 4085 [GR]
1964 4032 2053 4069 οη
2085 4017 2094 4084 Ι
2130 4017 2195 4070 14
2229 4019 2355 4084 post
2382 4033 2574 4088 χειρας
2592 4019 2655 4084 -Ι-
2677 4036 2763 4070 οτι

551 4114 809 4168 μανασση
862 4097 913 4168 [ῗ
942 4101 1204 4154 corrector
1239 4117 1422 4156 recens
1457 4117 1619 4171 super
1651 4104 1689 4172 ξ
1726 4111 1745 4135 ·
1780 4103 1976 4172 pinxit]
2016 4123 2046 4155 ο
2082 4121 2431 4176 πρωτοτοκος
2464 4118 2520 4166 x,
2579 4105 2643 4170 -Ι-
2678 4123 2761 4156 οτι

552 4202 659 4254 μεν
693 4203 741 4238 ει
778 4200 846 4238 συ
879 4206 910 4237 ο
951 4206 1292 4260 πρωτοτοκος
1327 4206 1354 4240 z
1385 4189 1394 4257 Ι
1428 4190 1495 4244 14
1526 4209 1621 4242 και
1659 4198 1727 4247 >
1763 4206 1797 4244 a
1826 4190 1835 4259 Ι
1870 4189 2023 4258 14115
2056 4192 2363 4259 ηυλογησεν
2394 4189 2443 4243 Α
2474 4192 2483 4258 Ι
2518 4191 2581 4244 16
2607 4206 2762 4244 evav-

552 4287 672 4322 τιον
708 4271 757 4324 D
786 4271 959 4342 [GR]1
1011 4273 1020 4341 Ι
1076 4274 1140 4329 17
1175 4278 1302 4342 post
1335 4294 1587 4343 νεοτητος
1625 4276 1689 4338 -Ι-
1728 4297 1844 4347 μου
1880 4277 1930 4329 Ι)
1957 4275 2071 4345 [GR]
2099 4291 2189 4330 aaz
2244 4280 2253 4342 Ι
2310 4279 2465 4343 17118
2498 4275 2697 4340 „schol
2732 4296 2763 4330 ο

554 4362 887 4424 aythsvc“
922 4356 956 4411 b
1011 4360 1022 4425 Ι
1079 4360 1234 4428 17118
1265 4380 1572 4432 ρυσαμενος
1607 4377 1636 4414 ο
1690 4363 1698 4431 Ι
1756 4363 1821 4417 18
1851 4365 1976 4431 post
2016 4382 2199 4416 κακων
2241 4366 2301 4429 -Ι-
2336 4383 2447 4434 μου
2483 4380 2511 4416 z
2542 4364 2551 4428 Ι
2599 4364 2665 4419 19
2703 4381 2765 4416 εν

558 4447 625 4498 >
665 4454 726 4504 a,
759 4459 830 4494 επ
863 4457 892 4495 0
919 4445 930 4511 Ι
960 4443 1030 4497 20
1063 4447 1550 4514 πλυνθυνθειησαν
1583 4465 1639 4501 m
1678 4447 1789 4518 [uel
1824 4450 2037 4516 πληνθ”
2060 4449 2111 4520 P]
