3169 4941
1385 413 1614 475 Genesis
1648 415 1737 473 2⁷.
2564 415 2667 475 10⁷

377 593 404 639 1
441 572 635 660 ἔλαβε
699 574 814 664 τὴν
869 571 1164 662 εὐλογίαν
1227 596 1364 645 σου.
1459 578 1522 619 ³⁶
1538 575 1652 644 καὶ
1716 569 1869 644 εἷπε
1910 573 2227 656 ’Δικαίως
2282 572 2533 667 ἐκλήθη
2590 578 2668 647 τὸ

440 677 646 801 ὄνομα
681 672 878 747 αὐτοῦ
913 676 1154 765 Ἰακώβ
1169 701 1185 716 ·
1243 677 1580 767 ἐπτέρνικε
1635 674 1761 767 γάρ
1802 705 1885 764 με
1924 677 2068 748 ἰδοὺ
2108 676 2401 770 δεύτερον
2445 687 2638 751 τοῦτο
2651 704 2667 721 ·

439 778 522 849 τά
562 808 633 849 τε
677 778 1090 911 πρωτοτόκιά
1139 807 1265 867 μου
1311 778 1538 908 εἴληφε
1604 782 1718 852 καὶ
1783 789 1893 851 νῦν
1946 781 2139 869 ἔλαβε
2198 784 2313 875 τὴν
2374 783 2667 873 εὐλογίαν

439 912 583 971 μου.
653 885 766 953 καὶ
821 880 1010 953 εἶπεν
1060 883 1269 953 Ἠσαῦ
1307 892 1402 976 τῷ
1461 886 1669 975 πατρὶ
1728 884 1925 955 αὐτοῦ
1985 881 2115 971 Οὗχ
2171 885 2512 957 ὑπελίπου-
2552 914 2670 973 μοι

375 1010 408 1057 5
441 981 733 1075 εὐλογίαν
746 1043 764 1073 ,
810 989 1056 1079 πάτερ·
1034 1043 1052 1074 ,
1112 994 1174 1033 ³⁷
1191 987 1591 1081 ἀποκριθεὶς
1633 990 1707 1059 δὲ
1745 984 1975 1059 Ἰσαὰκ
2016 986 2167 1058 εἶπε
2207 996 2306 1080 τῷ
2342 984 2546 1060 Ἠσαῦ
2587 988 2669 1059 Εἰ

441 1092 654 1182 κύριον
697 1091 890 1161 αὐτὸν
931 1090 1272 1184 πεποίηκά
1313 1116 1462 1178 σου,
1509 1095 1624 1163 καὶ
1652 1090 1915 1175 πάντας
1941 1095 2091 1175 τοὺς
2120 1087 2443 1221 ἀδελφοὺς
2470 1088 2670 1163 αὐτοῦ

441 1195 780 1287 πεποίηκα
823 1195 1017 1265 αὐτοῦ
1057 1195 1345 1281 οἰκέτας,
1389 1195 1556 1286 σίτῳ
1599 1197 1713 1266 καὶ
1756 1194 1916 1287 οἴνῳ
1954 1194 2257 1288 ἐστήριξα
2286 1194 2509 1267 αὖτόνι
2558 1199 2667 1269 σοὶ

439 1302 515 1370 δὲ
565 1300 636 1369 τί
677 1301 964 1391 ποιήσω,
1039 1301 1301 1387 τέκνον,
1379 1306 1440 1347 ⁸⁸
1457 1296 1611 1371 εἶπε
1662 1303 1737 1371 δὲ
1765 1300 1991 1373 Ἠσαῢ
2044 1302 2215 1391 πρὸς
2259 1301 2369 1369 τὸν
2414 1302 2669 1391 πατέρα

443 1402 639 1475 αὐτοῦ
683 1407 800 1496 Μὴ
847 1399 1106 1493 εὐλογία
1150 1405 1274 1492 μία
1311 1428 1420 1475 σοι
1464 1405 1641 1490 ἐστί,
1684 1402 1935 1495 πάτερ·
1912 1460 1931 1492 ,
1980 1402 2319 1497 εὖλόγησον
2360 1406 2441 1495 δὴ
2474 1398 2665 1492 κᾶμέ,

343 1528 408 1575 10
441 1508 665 1600 πάτερ.
740 1508 1252 1593 κατανταθέπος
1305 1510 1380 1578 δὲ
1433 1503 1663 1578 Ἰσαὰκ
1714 1504 2025 1600 ἀνεβόησε
2086 1516 2270 1599 φωνῇ
2304 1502 2507 1579 Ἠσαῦ
2556 1508 2670 1577 καὶ

439 1610 764 1683 εκλαυσεν.
831 1617 892 1657 3⁹
906 1606 1307 1703 αποκροθεὶς
1348 1614 1422 1682 δὲ
1455 1613 1687 1681 Ἰσαὰκ
1722 1612 1760 1682 ὁ
1790 1614 2007 1704 πατὴρ
2044 1606 2239 1683 αὐτοῦ
2268 1606 2456 1681 εἶπεν
2488 1606 2667 1701 αὐτῷ

435 1708 606 1786 Ἰδοὺ
647 1714 786 1786 ἀπὸ
822 1724 939 1807 τῆς
982 1716 1294 1807 πιότητος
1333 1722 1450 1808 τῆς
1489 1722 1606 1806 γῆς
1664 1714 1851 1785 ε’σται
1891 1714 1933 1806 ἦ
1973 1714 2351 1807 κατοίκησίς
2395 1739 2513 1785 σου
2554 1716 2669 1784 καὶ

438 1814 578 1889 οἷπό
621 1826 739 1911 τῆς
779 1817 1014 1911 δρόσου
1051 1826 1169 1889 τοῦ
1214 1812 1480 1909 οὗρανοῢ
1518 1816 1791 1911 ὄνῳθεν.
1872 1825 1933 1864 4⁰
1946 1820 2058 1889 καὶ
2102 1819 2221 1889 ἐπὶ
2262 1824 2341 1910 τῇ
2382 1817 2667 1909 μαχαίρᾳ

441 1947 562 1993 σου
607 1926 791 2015 ζήσῃ,
866 1925 976 1993 καὶ
1017 1929 1114 2013 τῷ
1151 1916 1416 2014 ἀδελφῷ
1467 1946 1584 1993 σου
1647 1920 2036 2005 δουλεύσας·
2110 1920 2297 1993 ἔσται
2339 1924 2441 2007 δέ,
2486 1921 2667 2013 ἡνίκα

344 2047 406 2093 15
440 2028 552 2095 ἐὰν
597 2028 884 2119 καθέλῃς
926 2028 1040 2097 καὶ
1084 2023 1351 2119 ἕκλύσῃς
1387 2029 1500 2096 τὸν
1543 2027 1729 2115 ζυγὸν
1778 2021 1972 2097 αὐτοῦ
2020 2025 2159 2097 ἀπὸ
2198 2033 2315 2097 τοῦ
2353 2022 2666 2117 τραχήλου

440 2154 578 2201 σου.
674 2135 732 2174 4¹
747 2131 861 2199 καὶ
901 2130 1184 2199 ἓνεκότει
1218 2124 1432 2199 Ἠσαῦ
1467 2137 1566 2222 τῷ
1607 2130 1852 2219 Ἰακὼβ
1893 2133 2048 2223 περὶ
2098 2137 2213 2223 τῆς
2254 2124 2546 2218 εὐλογίας
2588 2121 2666 2220 ἧς

436 2232 768 2325 εὐλόγησεν
805 2232 1000 2303 αὐτὸν
1043 2232 1082 2304 ὃ
1123 2236 1340 2326 πατὴρ
1383 2232 1578 2305 αὐτοῦ
1595 2289 1611 2305 .
1656 2230 1808 2305 εἶπε
1852 2236 1925 2305 δὲ
1964 2230 2167 2305 Ἠσαῦ
2196 2234 2265 2303 ἓν
2294 2240 2377 2325 τῇ
2407 2232 2668 2324 διανοίᾳ

442 2531 506 2586 17
546 2547 702 2583 ειπεν
739 2528 831 2583 ΑΕ
863 2530 872 2599 Ι
906 2529 971 2583 17
1011 2545 1172 2598 super
1210 2549 1253 2582 ω
1288 2529 1438 2586 uocis
1475 2532 1659 2584 ελθων
1693 2547 1883 2586 manus
1907 2546 2093 2586 reeens
2122 2550 2153 2584 ο
2177 2529 2467 2598 adscripsit
2489 2529 2548 2583 in
2569 2545 2626 2582 m
2654 2529 2662 2600 Ι

443 2616 507 2670 17
545 2635 690 2687 μετα
727 2615 918 2686 δολου]
959 2613 1208 2686 „Aquila
1243 2617 1491 2688 ενεδρας,
1530 2616 1883 2686 Symmachus
1918 2636 1979 2670 εν
2014 2619 2318 2670 επιθεεσεεια
2350 2615 2387 2670 b

581 2702 611 2755 1
648 2704 842 2769 ελαβεν
870 2701 1030 2756 AEt²
1094 2705 1104 2768 Ι
1174 2703 1202 2756 1
1243 2720 1404 2756 ειπεν
1437 2702 1692 2756 AEmt¹z
1722 2707 1731 2770 Ι
1787 2706 1813 2758 1
1854 2705 1981 2759 ante
2028 2703 2257 2761 δικαιως
2293 2703 2358 2770 -Ι-
2396 2716 2536 2768 ησαυ
2570 2719 2602 2756 z
2654 2703 2663 2766 1

444 2791 475 2844 1
512 2791 788 2855 επεκληθη
825 2804 880 2842 m
917 2789 967 2858 [t
987 2813 1059 2832 =
1082 2788 1166 2859 b],
1226 2792 1497 2856 επεκλιθη
1533 2807 1562 2842 z
1626 2791 1636 2859 Ι
1707 2793 1741 2848 2
1777 2807 2095 2864 επτερνικεν
2128 2790 2177 2842 Α
2192 2827 2206 2852 ,
2261 2806 2555 2862 επτερνηκε
2590 2804 2665 2853 cz,

443 2889 763 2948 επτερνισεν
801 2875 852 2928 D
872 2875 988 2944 [en]
1013 2876 1041 2928 t
1055 2914 1070 2939 ,
1111 2888 1442 2947 επτερνησεν
1482 2875 1556 2940 Ε,
1596 2891 1881 2950 επτερνισε
1916 2877 1998 2928 mt
2014 2879 2037 2910 ²
2054 2914 2067 2926 .
2120 2915 2152 2939 „
2171 2874 2407 2944 cyrillus
2440 2893 2666 2946 πτερνι-

441 2973 572 3026 στης
607 2967 808 3029 ιακωβ,
867 2977 1116 3014 τουτεστι
1165 2977 1412 3030 τεχνιτης
1457 2980 1578 3028 ητοι
1622 2979 1785 3016 νίκαν
1822 2962 2027 3020 ειδως“
2063 2960 2098 3015 b
2155 2961 2165 3031 Ι
2233 2960 2267 3014 2
2298 2978 2373 3030 με
2408 2978 2517 3033 γαρ
2553 2960 2599 3013 Ε
2653 2960 2662 3031 Ι

443 3045 477 3098 2
515 3045 641 3098 ιδου
678 3045 746 3110 b,
780 3045 884 3112 ηδη
920 3045 1020 3101 AD
1062 3045 1456 3116 [613]ansz
1485 3047 1496 3117 Ι
1526 3049 1562 3104 2
1596 3066 1759 3102 τουτο
1795 3056 1863 3106 >
1901 3063 1931 3101 c
1960 3049 1971 3113 Ι
2001 3048 2036 3103 3
2072 3063 2458 3122 πρωτοτοκεια
2496 3044 2616 3116 Any
2652 3044 2663 3118 Ι

443 3133 478 3185 3
513 3134 744 3205 ειληφεν
776 3131 934 3188 ΑΕ“Ι;ι
975 3133 983 3200 Ι
1027 3133 1062 3185 3
1093 3134 1220 3202 post
1254 3151 1358 3186 νυν
1382 3134 1447 3201 -Ι-
1467 3134 1597 3187 ιδου
1635 3149 1691 3187 111
1720 3135 1730 3200 Ι
1761 3134 1795 3187 3
1833 3136 1993 3200 skatts
2030 3133 2122 3198 bo,
2158 3135 2384 3204 ειληφεν
2418 3131 2516 3187 AD
2554 3133 2663 3202 [GR]

441 3216 578 3282 Et1,
630 3221 827 3289 ειληφε
859 3219 1088 3288 amtssyz
1143 3222 1152 3285 Ι
1203 3218 1241 3272 4
1288 3221 1569 3272 υπελειπω
1604 3217 1736 3283 Am,
1800 3221 2052 3273 υπελιπω
2086 3219 2139 3274 D
2177 3218 2341 3288 [teste
2377 3217 2599 3290 Grabio]
2625 3219 2667 3282 t,

443 3307 730 3356 υπολειπω
783 3303 881 3368 Ez,
921 3307 1294 3361 υπολελειπ,το
1333 3320 1362 3359 o
1427 3307 1436 3370 Ι
1501 3305 1536 3360 5
1571 3307 1797 3374 ευλογια
1832 3321 1862 3359 c
1930 3306 1939 3370 Ι
2002 3305 2039 3359 5
2076 3305 2136 3358 δε
2172 3314 2239 3364 >
2276 3321 2339 3368 a,
2376 3304 2600 3375 habety
2655 3303 2664 3375 Ι

368 3451 376 3460 .
441 3387 478 3442 5
515 3406 676 3443 ειπεν
690 3387 868 3444 AEmt
886 3394 906 3424 ¹
942 3390 953 3460 Ι
993 3390 1028 3443 6
1067 3405 1303 3456 εποιησα
1337 3389 1438 3444 AD
1468 3390 1627 3460 [teste
1663 3389 1882 3472 Grqbio]
1908 3389 2095 3444 Eomtz
2142 3393 2153 3456 Ι
2204 3391 2239 3444 6
2276 3409 2443 3444 αυτου
2480 3401 2548 3449 >
2586 3409 2614 3444 z
2652 3389 2663 3461 Ι

444 3477 475 3529 7
509 3492 794 3542 utnon-mm
829 3495 1000 3529 αυτου
1034 3486 1104 3536 >
1141 3491 1171 3530 ο
1201 3479 1210 3542 Ι
1271 3477 1302 3529 7
1341 3494 1578 3542 εποιησα
1620 3474 1698 3529 Az
1751 3475 1759 3544 Ι
1810 3478 1841 3530 7
1878 3495 1945 3529 ου
1984 3475 2133 3531 uocis
2166 3495 2341 3529 αυτου
2388 3476 2447 3530 in
2480 3491 2671 3530 rasura

441 3577 607 3616 manu
657 3562 892 3618 secunda
937 3562 984 3614 A
1066 3563 1076 3630 Ι
1161 3561 1194 3614 7
1250 3576 1508 3635 εστηρισα
1563 3560 1741 3626 AEm,
1802 3575 2109 3634 εστερεωσα
2168 3577 2225 3626 ο,
2297 3577 2525 3636 ετηρισα
2567 3564 2595 3615 t
2654 3563 2663 3632 Ι

445 3650 476 3711 7
515 3667 684 3702 αυτωι
715 3650 742 3703 t
777 3649 788 3716 Ι
832 3649 868 3702 8
899 3666 1060 3702 ειπεν
1095 3647 1310 3702 ΑΕ1111;1
1351 3647 1360 3716 Ι
1399 3649 1490 3717 819
1525 3666 1666 3723 προς
1698 3666 1796 3702 τον
1830 3665 2045 3724 πατερα
2082 3667 2250 3702 αυτου
2283 3658 2351 3708 >
2376 3666 2405 3700 z
2434 3648 2445 3718 Ι
2476 3649 2511 3703 8
2546 3651 2671 3718 post

441 3751 580 3808 προς
618 3737 679 3798 -Ι-
721 3749 889 3788 ισαακ
920 3733 1022 3788 AD
1059 3736 1182 3802 [anx
1218 3735 1464 3802 superest
1500 3735 1592 3802 ακ]
1627 3736 1637 3800 Ι
1665 3734 1700 3786 9
1735 3735 1863 3803 post
1894 3753 2003 3802 μια
2039 3735 2115 3800 -Ι-ι
2140 3752 2292 3805 μονη
2326 3736 2376 3790 D
2407 3736 2416 3805 Ι
2448 3737 2481 3790 9
2514 3749 2666 3789 εστιν

442 3834 538 3872 σοι
582 3819 626 3872 Ε
672 3821 682 3885 Ι
725 3820 759 3874 9
795 3835 950 3874 εστιν
985 3818 1091 3874 At¹
1146 3823 1157 3886 Ι
1204 3819 1272 3873 10
1308 3836 1482 3892 πατερ
1520 3829 1588 3879 >
1624 3837 1652 3872 z
1698 3820 1707 3887 Ι
1752 3820 1904 3887 10s11
1939 3835 2076 3890 quae
2112 3821 2256 3874 inter
2288 3825 2668 3887 κατανυχθεν-

441 3923 531 3964 τος
570 3906 638 3961 10
674 3907 731 3959 et
774 3909 1038 3960 εκλαυσεν
1073 3906 1137 3960 11
1177 3903 1382 3969 media,
1432 3914 1500 3964 >
1531 3905 1582 3960 A
1635 3908 1645 3972 Ι
1702 3908 1769 3961 10
1810 3912 2113 3974 ανεβοησεν
2146 3905 2257 3960 Et¹
2304 3908 2315 3974 Ι
2374 3905 2441 3960 10
2472 3923 2669 3976 φωνην

440 3991 490 4045 D
511 3991 636 4060 [σεε
675 3994 922 4062 superest
956 4012 1025 4059 ην
1061 3994 1190 4046 ante
1225 3990 1312 4060 ης]
1349 3993 1457 4046 mtz
1489 3992 1498 4059 Ι
1530 3992 1600 4046 10
1633 3994 1758 4060 post
1790 4009 1952 4064 φωνῃ
1984 3992 2049 4060 -Ι-
2080 3993 2297 4062 μεγαλη
2321 3989 2403 4045 Ea
2428 3989 2483 4063 [ῃ
2509 3990 2565 4060 a]
2590 4007 2626 4060 y
2654 3991 2661 4056 Ι

443 4078 510 4132 10
544 4092 685 4146 ησαυ
723 4088 790 4138 >
825 4077 870 4132 Ε
919 4079 927 4146 Ι
978 4078 1041 4131 11
1076 4097 1107 4130 ο
1141 4095 1320 4148 πατηρ
1357 4095 1524 4130 αυτου
1561 4087 1631 4135 >
1668 4094 1698 4131 z
1740 4079 1749 4143 Ι
1793 4078 1861 4132 13
1894 4095 1989 4130 και
2026 4087 2095 4136 >
2133 4078 2217 4130 mt
2262 4077 2273 4144 Ι
2318 4076 2386 4130 13
2417 4094 2667 4150 μαχαιρη

439 4164 538 4218 AD
567 4164 686 4234 [en]
725 4164 770 4218 Ε
813 4164 938 4234 Ι’14
973 4165 1270 4230 δουλευσης
1304 4162 1406 4216 Em
1451 4165 1460 4230 Ι
1505 4163 1664 4229 14115
1699 4201 1731 4227 ,,
1750 4161 1901 4216 schol
1938 4176 2095 4214 εσται
2132 4163 2197 4215 δε
2235 4181 2335 4216 sav
2370 4167 2668 4236 καμφθῃς.

438 4270 533 4304 και
571 4266 726 4304 εσται
760 4255 913 4302 καθα
948 4253 1364 4322 καταβιβασῃς“
1399 4247 1434 4304 b
1478 4248 1487 4317 Ι
1539 4248 1607 4304 15
1643 4266 1741 4302 εαν
1780 4249 1948 4314 θελης
1981 4246 2058 4310 Ε,
2096 4265 2167 4300 αν
2202 4252 2442 4315 καθελης
2476 4249 2615 4304 cmtz
2652 4247 2663 4320 Ι

441 4337 510 4392 15
546 4339 788 4393 εκλυσεις
820 4334 893 4399 Α,
931 4331 1160 4401 ἑλκύσης
1194 4350 1224 4388 o
1253 4335 1262 4402 Ι
1293 4332 1361 4388 15
1405 4353 1573 4388 αυτου
1613 4344 1680 4394 >
1714 4351 1745 4391 z
1774 4333 1785 4403 Ι
1818 4335 1886 4388 16
1924 4352 2000 4402 τῳ
2046 4341 2113 4392 >
2149 4335 2231 4388 mt
2268 4338 2278 4402 Ι
2318 4333 2383 4388 1‘1
2422 4337 2663 4406 ηυλογη-

439 4435 540 4474 σεν
570 4422 621 4476 D
649 4421 766 4491 [ΘΒ]
793 4420 839 4474 Ε
869 4421 880 4488 Ι
922 4420 985 4474 17
1021 4421 1150 4490 post
1189 4438 1366 4474 αυτον
1401 4421 1468 4488 -Ι-
1509 4435 1679 4475 ισαακ
1714 4421 1827 4476 11115Ζ
1857 4419 1865 4488 Ι
1898 4419 1965 4475 17
2004 4437 2161 4476 ειπεν
2192 4419 2351 4476 AEt¹
