3169 4941
48 4164 58 4287 ...—

1319 385 1546 444 Genesis
1586 391 1637 447 6.
2521 402 2587 458 21

283 565 312 610 1
349 547 493 624 πᾶς
543 569 647 623 τις
706 544 1056 610 διανοεῖται
1117 543 1186 612 ἐν
1243 551 1324 636 τῇ
1378 545 1617 639 καρδίᾳ
1682 543 1885 619 αὖτοῦ
1952 552 2281 640 ἐπιμελῶς
2333 557 2452 626 ἐπὶ
2507 562 2591 628 τὰ

348 646 611 737 πονηρὰ
676 643 902 727 πάσας
964 648 1086 728 τὰς
1155 645 1423 738 ἧμέραςε
1523 657 1548 696 ⁶
1563 652 1676 720 καὶ
1732 654 2107 748 ἐνεθυμήθη
2166 658 2203 728 6
2273 663 2437 744 θεὸς
2488 663 2590 733 ὅτι

351 749 633 880 ἐποίησε
688 753 806 819 τὸν
857 748 1218 840 ἄνθρωπον
1262 753 1379 822 ἐπὶ
1440 764 1557 845 τῆς
1600 764 1746 847 γῆς,
1828 761 1939 828 καὶ
1944 759 2309 887 υδιενοήθη.
2477 768 2590 836 καὶ

351 848 546 922 εἶπεν
587 852 626 922 6
657 854 820 935 θεὸς
861 852 1260 946 Ἅπαλείψω
1314 859 1427 926 τὸν
1483 857 1875 948 ἄνθρωπον,
1941 855 2015 932 ‘ov
2074 864 2357 957 ἐποίησα
2370 923 2387 953 ,
2450 867 2591 940 απὸ

285 981 316 1028 5
353 958 726 1048 προσώπου
771 961 886 1048 τῆς
939 963 1054 1048 γῆς
1071 1011 1087 1042 ,
1167 956 1306 1028 ἀπὸ
1363 955 1729 1090 α’νθρώπου
1788 964 1913 1047 ἕως
1960 963 2223 1058 κτήνους
2280 972 2390 1039 καὶ
2448 971 2589 1042 ἀπὸ

355 1061 650 1152 ερπετῶν
711 1061 835 1143 ε’ως
897 1070 1206 1130 πετεινῶν
1277 1074 1392 1132 τοῦ
1465 1064 1769 1153 οὐρανοῦ·
1842 1068 1947 1138 ότι
2009 1071 2422 1165 ἐνεθυμήθην
2486 1075 2590 1144 ὅτι

354 1165 642 1257 ἐποίησα
695 1162 942 1248 αὐτούς.
1068 1172 1260 1235 8Νῶε
1313 1169 1388 1236 δὲ
1437 1164 1578 1260 εὗρε
1630 1171 1815 1262 χάριν
1877 1173 2168 1244 ἐναντίον
2214 1177 2430 1268 κυρίου
2472 1205 2587 1248 του

354 1278 538 1338 θεου.
637 1275 664 1314 ⁹
679 1263 872 1338 αὗται
915 1270 988 1338 δὲ
1030 1297 1100 1338 αι
1141 1271 1418 1358 γενέσεις
1446 1282 1620 1343 Νῶε.
1712 1281 1863 1344 Νῶε
1910 1274 2272 1369 ανθρωπος
2314 1280 2585 1368 δίκαιος,

354 1376 604 1456 τέλειος
665 1372 756 1442 ὧν
819 1373 892 1442 ἐν
951 1382 1034 1465 τῇ
1098 1383 1286 1466 γενεᾷ
1351 1370 1581 1446 αὖτου·
1655 1386 1750 1468 τῷ
1807 1386 1952 1471 θεῷ
1994 1381 2372 1476 εὖηρέστησε
2416 1395 2587 1458 Νῶε

255 1497 322 1544 10
365 1477 730 1569 1θέγέιννησε
787 1478 860 1546 δὲ
911 1485 1064 1546 Νῶε
1115 1485 1289 1569 τρεῖς
1351 1478 1553 1564 υιούς,
1628 1484 1741 1552 τὸν
1792 1481 1965 1574 Σήμ,
2036 1488 2151 1556 τὸν
2202 1486 2361 1574 Χάμ
2380 1542 2397 1573 ,
2474 1491 2589 1560 τὸν

345 1579 604 1672 Ἰάφεθ.
701 1577 1034 1672 Πέφθάρη
1078 1582 1152 1651 δὲ
1192 1581 1231 1673 ἡ
1277 1590 1356 1674 γῆ
1399 1583 1689 1707 ἐναντίον
1730 1593 1845 1654 τοῦ
1887 1594 2081 1674 θεοῦ,
2131 1617 2245 1659 και
2280 1591 2589 1682 ἐπλήσθη

355 1687 398 1777 ἢ
449 1692 530 1776 γῆ
581 1683 852 1766 ἀδικίας.
949 1685 1132 1754 11*καὶ
1192 1679 1326 1754 εἶδε
1385 1683 1605 1777 κύριος
1662 1687 1701 1758 6
1744 1690 1910 1772 θεὸς
1964 1692 2079 1782 τὴν
2144 1701 2283 1784 γῆν,
2355 1695 2468 1762 καὶ
2512 1690 2587 1786 ἦν

355 1790 897 1881 κατεφθαρμένῃ,
969 1788 1073 1858 ὅτι
1125 1791 1524 1916 κατέφθειρε
1581 1800 1771 1861 πᾶσα
1832 1795 1999 1884 σαρξ
2039 1796 2152 1886 τὴν
2196 1795 2352 1866 ὁδὸν
2394 1794 2589 1866 αὐτοῦ

355 1893 477 1964 επὶ
538 1899 651 1984 τῆς
703 1900 834 1983 γῆς.
962 1896 1020 1937 ²⁸
1036 1893 1144 1961 καὶ
1197 1887 1351 1961 εἶπε
1406 1891 1630 2024 κύριος
1671 1894 1707 1966 6
1750 1899 1925 1980 θεὸς
1974 1906 2068 1988 τῷ
2127 1906 2279 1969 Νῶε
2335 1902 2590 1990 Καιρὸς

257 2023 320 2070 15
356 1998 610 2079 παντὸς
663 1990 1026 2088 ανθρωπου
1096 1994 1240 2087 ἥκει
1299 1995 1596 2067 εναντίον
1647 2026 1802 2087 μου,
1878 2000 1983 2070 ὅτι
2050 2001 2355 2095 ἐπλήσθη
2411 2002 2450 2095 ἡ
2508 2012 2585 2096 γῆ

273 2118 290 2136 ·
355 2097 619 2182 ἀδικίας
669 2098 784 2168 ἀπ’
841 2093 1087 2169 αὐτῶν·
1161 2128 1268 2169 και
1333 2099 1476 2170 ἰδοὺ
1529 2101 1655 2190 ἐγὼ
1710 2103 2141 2197 καταφθείρω
2202 2106 2429 2189 αὐτοὺς
2472 2108 2587 2177 καὶ

351 2207 466 2297 τὴν
505 2231 632 2297 γην.
732 2202 1086 2296 14ποίησον
1123 2199 1238 2273 οὖν
1280 2210 1528 2295 σεαυτῷ
1569 2209 1850 2295 κιβωτὸν
1906 2208 1980 2276 ἐκ
2023 2206 2223 2292 ξύλων
2268 2212 2582 2301 τετραγώ.

354 2334 512 2378 νων·
556 2309 828 2390 νοσσιας
872 2305 1175 2399 ποιήσεις
1216 2310 1330 2399 τὴν
1371 2306 1684 2396 κιβωτόν,
1729 2337 1845 2378 και
1886 2310 2345 2402 ασφαλτώσεις
2388 2312 2577 2405 αὐτὴν

501 2503 528 2557 1
569 2520 744 2555 αυτου
778 2512 846 2562 >
875 2519 904 2556 r
949 2501 958 2570 Ι
1002 2500 1037 2554 2
1074 2499 1134 2555 in
1169 2500 1416 2572 margine
1451 2501 1486 2555 b
1527 2501 1863 2572 „Procopius
1901 2518 2135 2573 gazaeus
2182 2522 2245 2556 το
2283 2502 2346 2556 δε
2384 2508 2605 2566 susm,

353 2596 512 2661 μηθη
543 2607 670 2643 αντι
703 2607 810 2642 του
845 2606 1146 2657 κατενυγη,
1181 2605 1420 2641 συννουν
1455 2603 1587 2658 εσχε
1631 2592 1932 2661 λογισμον.
1977 2589 2178 2660 Aquila
2210 2592 2585 2661 μετεμεληθη,

355 2674 708 2745 Symmachus
749 2684 1096 2750 απεστρεψεν
1111 2713 1125 2727 .
1171 2672 1316 2727 idem
1353 2674 1649 2744 Procopius
1700 2680 2023 2747 ενεθυμηθη
2072 2696 2135 2730 το
2173 2682 2433 2752 εβραικον
2468 2694 2587 2745 εχει

357 2763 624 2829 διενοηθη
659 2781 694 2827 η
729 2775 1042 2835 προσεσχεν
1077 2766 1322 2813 ενταυθα
1357 2758 1567 2833 μόνον,
1604 2764 1848 2832 αλλαχου
1885 2762 1947 2815 δε
1987 2780 2038 2818 ει
2073 2780 2191 2816 που
2227 2780 2372 2831 εχει,
2423 2778 2587 2833 μετε-

353 2851 574 2919 μεληθη
626 2848 790 2914 δηλοι
826 2849 1220 2918 παρεκληθηῑί.
1292 2847 1350 2901 in
1395 2848 1643 2917 margine
1689 2866 1718 2903 r
1768 2868 1839 2902 ακ
1887 2851 2243 2920 μετεμεληθη
2261 2866 2273 2879 ·
2335 2863 2405 2901 συ
2450 2846 2590 2901 ἀπέ-

359 2945 604 3009 στρεψεν
631 2935 640 3002 Ι
673 2934 708 2987 2
743 2934 872 3003 post
910 2937 1236 3003 ενεθυμηθη
1268 2935 1334 3001 -Ι-
1371 2952 1564 3006 κυριος
1596 2951 1626 2988 1·
1655 2936 1665 3001 Ι
1712 2936 1747 2989 3
1788 2950 2061 3001 εποιησεν
2094 2934 2273 2990 AEcrt
2313 2934 2480 3003 [t²=
2503 2932 2538 2988 b
2574 2931 2584 3002 Ι

355 3021 394 3075 4
428 3022 558 3090 post
595 3037 754 3074 ειπεν
793 3021 859 3087 -Ι-
897 3036 1090 3092 κυριος
1122 3034 1152 3072 r
1181 3021 1190 3086 1
1220 3018 1258 3073 4
1293 3039 1324 3073 ο
1359 3025 1494 3081 θεος
1529 3030 1599 3080 >
1638 3037 1673 3075 a
1702 3021 1712 3091 Ι
1744 3020 1777 3075 5
1813 3035 2129 3093 πρωσωπου
2166 3038 2194 3073 z
2224 3022 2233 3090 Ι
2263 3021 2299 3076 6
2336 3020 2463 3089 post
2488 3036 2589 3080 εως

355 3110 424 3174 -Ι-
463 3124 576 3160 των
607 3105 708 3160 AD
753 3106 914 3175 [teste
952 3104 1174 3175 Grabio]
1217 3107 1278 3159 at
1323 3107 1332 3173 Ι
1381 3106 1416 3161 6
1452 3112 1813 3177 ενεθυμηθην
1851 3104 2083 3171 bomrtz,
2144 3110 2450 3177 εθυμωθην
2484 3103 2585 3159 AD

363 3194 472 3263 [aa]
513 3193 588 3257 E,
634 3195 1024 3264 μετεμελήθην
1055 3207 1114 3245 a.
1154 3191 1190 3246 b
1239 3191 1330 3256 „L
1353 3191 1404 3247 U
1439 3211 1525 3245 οτι
1561 3195 1979 3264 μετεμεληθηντ
2018 3192 2132 3247 AL
2168 3198 2497 3265 εθυμωθην.
2534 3191 2591 3245 et

357 3279 439 3335 ita
462 3278 830 3348 Augustinus,
870 3276 1132 3349 Origenes
1171 3280 1230 3333 et
1255 3277 1412 3331 Philo
1425 3283 1489 3331 “.
1528 3294 1557 3331 r
1588 3284 1661 3321 ¹¹²⁸
1698 3274 1803 3331 ἀκυ
1837 3282 2227 3349 μετεμεληθην
2264 3279 2277 3347 Ι
2316 3278 2349 3333 7
2388 3296 2591 3337 αυτους

357 3364 649 3430 AEabmrt,
688 3383 862 3419 αυτον
896 3381 954 3419 ez
985 3366 994 3435 Ι
1026 3365 1057 3418 7
1093 3382 1254 3439 ευρεν
1283 3364 1490 3419 AEmrt
1526 3365 1601 3433 1⁴7
1640 3382 1892 3419 εναντιον
1926 3362 2228 3429 AEabmrt,
2267 3380 2510 3420 ενωπιον
2536 3363 2588 3417 D

365 3454 526 3522 [teste
565 3451 787 3521 Gmbio]
807 3492 822 3517 ‚
883 3469 1068 3506 εναντι
1107 3466 1166 3505 cz
1207 3452 1216 3520 Ι
1263 3452 1296 3506 7
1333 3471 1526 3526 κυριου
1559 3461 1628 3511 >
1663 3470 1691 3505 z
1745 3452 1756 3519 Ι
1808 3450 1844 3504 8
1882 3452 2009 3505 ante
2047 3471 2209 3504 αυται
2246 3452 2359 3505 tres
2396 3449 2591 3503 literae

359 3538 600 3593 radendo
638 3537 850 3593 deletae
887 3536 947 3590 in
984 3536 1034 3591 A
1063 3539 1074 3606 1
1103 3538 1139 3592 8
1178 3538 1241 3591 δε
1276 3547 1344 3597 >
1383 3537 1447 3606 r!
1482 3535 1516 3591 8
1552 3538 1681 3606 post
1716 3554 1822 3590 νωε
1858 3536 2089 3591 alterum
2117 3535 2264 3602 ÷ds
2301 3534 2434 3604 118
2464 3535 2593 3603 post

361 3627 582 3685 δικαιος
615 3626 680 3693 -Ι-
718 3644 813 3677 και
855 3640 910 3677 m
941 3624 948 3690 Ι
979 3623 1012 3677 9
1053 3641 1218 3694 γενεᾳ
1253 3622 1568 3687 Eabomrtz,
1605 3637 1822 3693 γενεσει
1859 3622 1909 3677 A
1938 3622 1949 3691 Ι
1980 3623 2013 3677 9
2047 3634 2408 3697 ενηρεστησεν
2444 3618 2594 3676 AErt

363 3712 552 3781 [t²=
569 3710 656 3781 b]
716 3717 1045 3784 εβηρεστησε
1081 3726 1110 3763 z
1178 3710 1187 3779 Ι
1252 3710 1286 3763 9
1337 3724 1524 3779 margo
1562 3709 1651 3773 b,
1656 3706 1833 3773 ,schol
1884 3724 1989 3762 συν
2032 3728 2109 3777 τῳ
2155 3713 2269 3777 θεῳ
2318 3724 2592 3801 περιεπα-

357 3817 472 3863 τει,
508 3818 588 3867 τῳ
609 3804 724 3867 θεῳ
746 3799 1240 3864 επηκολουθησεν“
1273 3798 1282 3864 Ι
1315 3798 1382 3851 10
1422 3812 1722 3866 εγεννησεν
1751 3794 1901 3851 AErt
1938 3796 2108 3864 [t²=-=
2130 3794 2189 3865 b]
2224 3794 2241 3865 Ι·
2266 3795 2335 3848 10
2370 3772 2575 3867 τριςΑ
2578 3790 2587 3861 Ι

362 3885 432 3941 10
460 3904 594 3957 χαφ
628 3883 680 3937 A
708 3886 718 3950 Ι
751 3886 817 3939 11
843 3900 1027 3937 εναντι
1053 3902 1090 3937 z
1119 3884 1130 3952 Ι
1161 3882 1227 3937 11
1267 3886 1510 3952 επλισθη
1537 3900 1594 3937 m
1624 3882 1635 3953 Ι
1668 3882 1737 3939 12
1774 3883 1927 3937 ειδεν
1960 3883 2091 3947 0:1³1,
2133 3881 2257 3934 ιδεν
2290 3878 2389 3932 AD
2430 3877 2593 3945 [teste

359 3970 582 4039 Grabiol
620 3970 666 4024 Ε
711 3970 720 4039 Ι
768 3970 836 4025 13
879 3976 1242 4043 κατεφθειρεν
1274 3968 1378 4025 Art
1392 4009 1406 4034 ,
1459 3975 1721 4045 εφθειρεν
1756 3968 1802 4023 Ε
1843 3968 1927 4038 [ex
1954 3969 2004 4023 D
2048 3966 2294 4036 superesss
2318 3963 2529 4035 θειρεν]
2576 3961 2586 4033 Ι
2668 3998 2677 4007 -

363 4061 432 4113 14
469 4074 631 4111 ειπεν
666 4055 846 4111 AEert
887 4056 972 4125 [τ’
995 4054 1136 4125 --··-b]
1178 4074 1205 4108 z
1251 4059 1260 4122 Ι
1307 4056 1376 4111 14
1411 4074 1598 4132 κυριος
1636 4065 1704 4115 >
1740 4053 1893 4108 AEez
1925 4057 1934 4120 Ι
1975 4054 2044 4107 14
2077 4072 2155 4121 τῳ
2190 4049 2284 4114 ab,
2321 4067 2460 4123 προς
2489 4046 2590 4102 AD

367 4146 530 4214 [teste
571 4142 794 4213 Grabio]
823 4142 1008 4198 Ecmrt
1037 4142 1046 4212 Ι
1081 4143 1147 4198 14
1181 4143 1298 4196 1000
1336 4160 1531 4217 καιρος
1563 4142 1707 4195 teste
1727 4140 1763 4195 b
1786 4139 1987 4209 Aquila
2020 4140 2201 4202 τελος,
2238 4133 2591 4205 Sym-machus

361 4248 565 4305 περας.
603 4230 664 4283 in
697 4229 944 4299 margine
978 4246 1007 4283 r
1038 4228 1070 4282 6
1103 4228 1320 4299 ἑβραιος
1355 4229 1450 4279 καὶ
1485 4224 1516 4277 ὁ
1554 4222 1725 4299 σύρος
1759 4229 1931 4299 πέρας
1963 4222 1997 4290 ἢ
2026 4225 2177 4281 τέλος
2210 4220 2245 4289 ἢ
2268 4219 2549 4294 πλήρωμα
2575 4220 2585 4294 Ι

363 4317 434 4373 15
461 4315 823 4387 ⁴uovADEab,
863 4334 1008 4389 εμου
1051 4316 1220 4369 omrtz
1248 4314 1259 4383 Ι
1291 4314 1360 4369 16
1397 4312 1653 4371 admetus
1687 4311 1737 4366 A
1767 4311 1777 4380 Ι
1811 4310 1876 4364 17
1905 4326 2007 4363 ουν
2029 4318 2097 4369 >
2123 4325 2153 4362 1·
2182 4308 2191 4377 Ι
2222 4306 2378 4377 17Ι18
2400 4325 2593 4381 τετρα-

361 4420 547 4473 γονων
569 4401 646 4456 Ez
675 4402 686 4473 Ι
717 4401 874 4474 17118
908 4399 1059 4457 schol
1095 4399 1155 4455 in
1178 4398 1422 4471 margine
1445 4398 1510 4454 b:
1547 4415 1608 4453 εκ
1646 4400 1820 4461 ξυλων
1856 4412 2121 4465 ασηπτων
2155 4415 2188 4462 η
2226 4392 2519 4471 κεδρινων·
2558 4412 2591 4446 ο
