3169 4941
1171 284 1263 323 ,ἱ

1306 410 1530 468 Genesis
1560 414 1650 467 43.
2486 409 2590 467 1'29

299 590 325 633 1
363 567 599 657 λάβετε
612 624 628 655 ,
675 571 785 638 καὶ
830 564 1216 653 ἀναστάντες
1263 570 1586 664 κατάβητε
1628 574 1800 663 πρὸς
1845 574 1960 641 τὸν
2003 571 2381 664 ἄνθρωπον.
2479 573 2590 644 ²⁴6

361 676 437 744 δὲ
492 671 656 755 θεός
710 701 837 761 μου
892 676 1025 765 δῴη
1082 675 1229 762 ὑμῖν
1280 674 1466 766 χάριν
1516 675 1804 746 ἐναντίον
1847 684 1964 745 τοῦ
2006 671 2404 768 ἀνθρώπου,
2479 677 2592 747 καὶ

363 773 760 847 ἇποστείλαι
802 780 913 847 τὸν
954 774 1237 871 ἀδελφὸν
1274 780 1449 867 ὑμῶν
1486 783 1601 850 τὸν
1645 782 1754 850 ἕνα
1792 781 1904 849 καὶ
1937 783 2048 849 τὸν
2077 781 2420 868 Βενιαμίν·
2466 782 2592 871 ἐγὼ

359 884 476 969 μὲν
516 884 640 975 γὰρ
683 884 992 973 καθάπερ
1032 882 1392 975 ήτέκνωμαι
1408 939 1425 969 ,
1487 879 1866 976 ήτέκνωμαι.
1967 891 2026 929 ¹⁶
2052 883 2358 972 λαβόντες
2405 887 2480 955 δὲ
2525 883 2591 961 οἱ

295 1004 327 1052 5
361 986 581 1078 ἄνδρες
633 989 717 1055 τὰ
776 991 949 1078 δῶρα
1004 994 1208 1058 ταῦτα
1264 991 1379 1058 καὶ
1434 992 1512 1061 τὸ
1556 985 1855 1081 α’ργύριον
1907 994 2184 1060 διπλοῦν
2240 989 2476 1076 ἔλαβον
2519 990 2592 1058 ἐν

359 1099 506 1174 ταῖς
548 1093 764 1182 χερσὶν
808 1091 1018 1160 αὐτῶν
1059 1095 1173 1161 καὶ
1214 1095 1331 1163 τὸν
1375 1094 1688 1181 Βενιαμίν
1703 1119 1718 1134 ·
1791 1096 1903 1163 καὶ
1963 1089 2357 1176 ἀναστάντες
2396 1094 2591 1163 κατέ-

358 1205 565 1287 βησαν
622 1195 714 1277 εἰς
750 1194 1135 1284 Αἴγυπτον,
1198 1198 1314 1267 καὶ
1356 1196 1638 1289 ἔστησαν
1696 1198 1986 1268 ἐναντίον
2022 1197 2278 1289 Ἰωσήφ.
2379 1204 2438 1244 ¹⁰
2455 1192 2590 1267 εἶδε

359 1302 433 1370 δὲ
468 1299 707 1391 Ἰωσὴφ
764 1294 994 1382 αὖτοὺς
1055 1302 1167 1369 καὶ
1221 1303 1337 1371 τὸν
1387 1304 1698 1390 Βενιαμὶν
1747 1304 1860 1372 τὸν
1915 1297 2196 1393 ἀδελφὸν
2238 1296 2436 1371 αὐτοῦ
2475 1304 2592 1371 τὸν

359 1401 752 1493 ὁμομήτριον
768 1459 784 1489 ,
861 1405 975 1473 καὶ
1030 1400 1181 1473 εἶπε
1232 1415 1325 1496 τῷ
1385 1406 1502 1475 ἐπὶ
1560 1412 1675 1497 τῆς
1731 1404 1946 1487 οἰκίας
2005 1401 2208 1475 αὐτοῦ
2263 1403 2590 1494 Εἰσάγαγε

260 1534 325 1580 10
358 1509 509 1588 τούς
569 1502 963 1596 ἀνθρώπους
1034 1507 1131 1590 εἰς
1198 1512 1311 1600 τὴν
1376 1509 1590 1579 οἰκίαν
1664 1510 1772 1578 καὶ
1840 1508 2090 1600 σφάξον
2154 1508 2422 1596 θύματα
2477 1509 2592 1577 καὶ

359 1609 738 1697 ἓτοίμασον’
782 1615 918 1698 μετ’
964 1613 1121 1699 ἐμοῦ
1167 1615 1288 1703 γὰρ
1334 1611 1655 1705 φάγονται
1702 1611 1767 1681 οἰ
1805 1610 2159 1703 ἅνθρωποι
2197 1611 2428 1704 ὄξρτους
2471 1614 2590 1703 τὴν

355 1714 778 1806 μεσημβρίαν.
877 1722 935 1759 ¹⁷
950 1715 1222 1807 ἐποίησε
1265 1719 1339 1786 δὲ
1384 1716 1421 1787 ὃ
1464 1715 1821 1809 ἅνθρωπος
1874 1719 2059 1786 καθὰ
2111 1712 2300 1786 εἶπεν
2335 1711 2588 1808 Ἰωσήφ,

358 1821 475 1888 καὶ
516 1819 813 1912 εἰσήγαγε
857 1822 1011 1903 τούς
1054 1817 1451 1911 ἀνθρώπους
1494 1822 1590 1903 εἰς
1634 1823 1746 1891 τὸν
1789 1818 1970 1891 οἶκον
2011 1816 2275 1913 Ἰωσήφ.
2346 1820 2589 1890 18ἰδόν-

356 1950 466 2005 τες
512 1925 587 1993 ds}
631 1921 696 1992 οἱ
743 1922 969 2013 ἄνδρες
1030 1924 1135 1993 ὅτι
1194 1922 1596 2018 εἰσήχθησαν
1655 1925 1752 2008 εἰς
1803 1927 1915 1995 τὸν
1964 1922 2150 1996 οἶκον
2186 1934 2302 1995 τοῦ
2341 1924 2590 2015 Ἰωσὴφ

256 2047 321 2095 15
356 2023 556 2097 εἶπαν
598 2030 735 2096 Διὰ
784 2029 863 2099 τὸ
922 2026 1214 2118 ἀργύριον
1263 2033 1341 2099 τὸ
1380 2024 1807 2121 ἆποστραφέν
1865 2032 1932 2099 ἐν
1991 2037 2133 2112 τοῖς
2171 2030 2593 2120 μαρσίπποις

357 2130 533 2221 ἡμῶν
576 2134 690 2223 τὴν
730 2130 925 2223 ἀρχὴν
986 2132 1171 2223 ἡμεῖς
1211 2132 1616 2221 εἰσαγόμεθα
1629 2189 1645 2221 ,
1720 2144 1838 2203 τοῦ
1898 2143 2384 2226 συκοφαντῆσαι
2425 2134 2594 2225 ἡμᾶς

354 2236 465 2303 καὶ
508 2234 889 2305 ἐπιθέσθαι
946 2234 1097 2327 ἡμῖν
1112 2292 1129 2319 ,
1192 2246 1335 2308 τοῦ.
1360 2243 1586 2325 λαβεῖν
1631 2236 1800 2329 ἡμᾶς
1845 2238 1941 2319 εἰς
1999 2242 2251 2320 παῖδας
2293 2239 2406 2307 καὶ
2442 2239 2593 2318 τοὺς

358 2336 547 2421 ὄνους
601 2336 797 2431 ἡμῶν.
897 2346 954 2384 ¹⁹
987 2338 1473 2431 προσελθόντες
1528 2342 1603 2411 δὲ
1656 2344 1826 2431 πρὸς
1889 2343 2006 2411 τὸν
2059 2342 2418 2430 ἄνθρωπον
2475 2340 2592 2409 τὸν

360 2445 481 2516 ἐπὶ
524 2449 637 2514 τοῦ
681 2442 861 2516 οἴκου
905 2450 1021 2516 τοῦ
1063 2448 1307 2539 Ἰωσὴφ
1348 2444 1663 2539 ἐλάλησαν
1704 2442 1880 2539 αὐτῷ
1926 2448 1996 2516 ἐν
2040 2453 2134 2538 τῷ
2177 2450 2430 2516 πυλῶνι
2471 2452 2591 2515 τοῦ

497 2623 531 2676 2
561 2643 733 2698 χαριν
769 2634 837 2684 >
875 2643 902 2676 z
934 2624 942 2692 Ι
974 2625 1009 2678 2
1041 2643 1119 2677 τω
1158 2631 1445 2697 ανθρωπω
1483 2642 1510 2677 z
1540 2625 1551 2694 Ι
1586 2626 1621 2678 2
1657 2645 1750 2679 και
1777 2634 1844 2684 >
1870 2643 1898 2678 z
1929 2627 1938 2691 Ι
1970 2625 2004 2679 3
2039 2622 2584 2694 rovtertium>m1

359 2710 393 2762 3
428 2715 716 2782 βενιαμειν
752 2709 845 2763 AF
900 2711 909 2778 Ι
962 2711 999 2764 4
1036 2716 1187 2764 καθα
1222 2711 1458 2774 AFmt,
1498 2716 1648 2764 καθο
1689 2711 1739 2764 D
1776 2710 1923 2782 [GB],
1959 2721 2026 2771 >
2067 2729 2094 2763 z
2141 2713 2152 2777 Ι
2204 2711 2241 2765 4
2274 2728 2588 2780 ητεκνωμαι

359 2795 589 2850 alterum
628 2804 695 2854 >
732 2813 759 2848 z
792 2799 801 2861 Ι
834 2796 866 2850 5
905 2796 1120 2868 ανδρες]
1160 2804 1459 2869 ανθρωποι
1496 2815 1523 2850 z
1556 2801 1565 2864 Ι
1599 2799 1630 2852 5
1674 2797 1914 2851 διπλουν
1954 2797 2078 2862 178,
2109 2797 2174 2852 18
2213 2797 2443 2851 δισσονε
2482 2795 2589 2849 La-

360 2882 526 2952 garde
580 2881 650 2936 ad
696 2883 1100 2950 prouerbiorum
1138 2883 1207 2937 22
1223 2925 1236 2948 ‚
1276 2883 1347 2939 20
1410 2886 1419 2950 Ι
1484 2883 1574 2952 516
1630 2887 1830 2952 ελαβον
1889 2901 1948 2937 εν
1996 2903 2118 2944 ταις
2158 2898 2356 2957 χερσιν
2409 2897 2590 2935 amam

359 2979 427 3029 >
454 2986 482 3021 z
508 2969 517 3039 Ι
542 2970 575 3022 6
610 2987 708 3023 τον
731 2978 798 3028 >
825 2985 858 3022 a
887 2970 1013 3038 [non
1036 2971 1091 3039 y]
1124 2970 1133 3040 Ι
1166 2971 1199 3025 6
1235 2977 1527 3042 βενιαμειν
1548 2969 1668 3039 AF!
1689 2971 1722 3025 6
1760 2991 1852 3025 και
1879 2971 2111 3025 alterum
2131 2979 2201 3029 >
2225 2987 2253 3022 z
2283 2969 2290 3038 Ι
2319 2969 2350 3022 7
2377 2969 2435 3022 in
2457 2983 2588 3022 uoce

360 3073 617 3109 εναντιον
654 3055 850 3124 incipit
891 3073 946 3108 1.
995 3057 1085 3111 hic
1121 3057 1283 3112 codex
1324 3074 1488 3128 quum
1531 3057 1793 3112 formulas
1830 3061 1911 3119 εἰς
1946 3058 2065 3122 τὸν,
2117 3054 2255 3131 πρὸς
2289 3054 2390 3123 τὴν
2424 3058 2479 3110 et
2516 3056 2590 3109 si-

358 3140 515 3195 miles
559 3141 782 3211 antiquo
822 3159 970 3197 more
1006 3160 1161 3206 ειςον
1198 3163 1415 3219 προςην
1451 3143 1677 3209 scribat,
1724 3146 1915 3214 postea
1960 3145 2212 3198 inuentus
2261 3145 2346 3196 est
2365 3183 2378 3207 ,
2426 3143 2520 3212 qui
2556 3161 2591 3206 ς

361 3227 419 3280 in
456 3244 483 3284 ς
506 3246 538 3280 τ
574 3227 903 3298 dispesceret
917 3270 929 3282 .
990 3228 1151 3284 huius
1190 3232 1502 3286 correctoris
1548 3247 1723 3301 nugas
1777 3219 2070 3301 mimquam
2114 3228 2322 3284 'curabo
2343 3269 2356 3282 .
2417 3243 2590 3298 neque

360 3313 609 3367 notarum
654 3315 1037 3386 marginalium
1082 3316 1149 3370 de
1202 3318 1436 3373 narratis
1472 3315 1711 3373 breuiter
1750 3317 2096 3373 referentium
2133 3313 2433 3384 exemplum
2470 3331 2592 3369 <mm

360 3399 650 3456 lectoribus
687 3402 823 3457 meis
858 3403 1257 3458 communicabo
1324 3405 1331 3474 Ι
1403 3407 1434 3458 7
1477 3405 1602 3458 ιδεν
1637 3403 1713 3467 A,
1779 3405 1930 3458 ειδεν
1981 3401 2177 3456 Ft¹x1
2223 3402 2250 3471 ,Ι
2317 3401 2353 3454 8
2390 3420 2592 3460 amove

359 3502 544 3559 ιωσηφ
577 3506 608 3543 z
638 3491 649 3554 Ι
696 3489 729 3543 8
770 3510 941 3544 αυτου
976 3491 1124 3546 uocis
1162 3510 1356 3550 αυτους
1390 3505 1553 3546 manu
1590 3492 1766 3560 prima
1799 3490 1859 3543 in
1890 3505 2078 3544 rasura
2108 3488 2185 3542 A.
2240 3487 2358 3541 loco
2394 3505 2592 3546 αυτ-ους

356 3573 407 3626 D
434 3573 551 3645 [GR]
584 3595 709 3635 τους
744 3577 1026 3649 αδελφους
1062 3597 1229 3631 αυτου
1261 3580 1270 3647 Ι
1302 3578 1335 3632 8
1378 3597 1479 3632 τον
1514 3579 1749 3647 primum
1785 3586 1853 3636 >
1888 3593 1918 3631 z
1949 3576 1958 3645 Ι
2007 3577 2042 3631 8
2078 3581 2370 3645 βενιαμειν
2406 3572 2534 3627 AFx
2573 3570 2586 3644 Ι

358 3661 447 3726 819
482 3679 579 3716 τον
615 3681 964 3736 ομομητριον
1000 3674 1068 3725 >
1102 3681 1203 3734 axy
1234 3667 1243 3731 Ι
1274 3664 1307 3719 9
1350 3681 1509 3719 ειπεν
1544 3665 1765 3726 Ft¹x¹‚
1801 3665 2106 3716 ενετειλατο
2140 3661 2190 3714 A
2228 3661 2237 3729 Ι
2280 3661 2316 3716 9
2350 3661 2476 3714 ante
2513 3678 2589 3727 τῳ

360 3745 424 3812 -Ι-
451 3765 527 3800 τω
565 3753 845 3821 ανθρωπω
881 3767 909 3802 z
940 3753 951 3816 Ι
982 3751 1015 3804 9
1052 3766 1375 3820 εισαγαγειν
1392 3750 1441 3804 A
1471 3754 1479 3818 Ι
1512 3750 1582 3805 10
1619 3751 1746 3818 post
1764 3753 2090 3820 ανθρωπους
2109 3748 2174 3814 -Ι-
2199 3763 2421 3804 touton«,-
2455 3744 2538 3796 mt
2577 3743 2586 3809 Ι

358 3831 426 3884 11
452 3852 743 3904 φαγωνται
770 3834 821 3905 tl
842 3836 905 3890 11
944 3838 1071 3905 post
1101 3843 1397 3909 ανθρωποι
1417 3837 1483 3904 -Ι-
1505 3855 1659 3890 ουτοι
1678 3834 1777 3889 AD
1795 3834 1904 3904 [GR]
1925 3831 2032 3902 miz!
2055 3832 2123 3887 12
2145 3846 2500 3906 μεσημεριαν
2523 3830 2550 3881 t
2575 3826 2586 3897 Ι

357 3917 427 3970 12
465 3934 727 3986 εποιησεν
766 3921 1004 3976 AFt¹x1
1032 3923 1043 3990 Ι
1078 3922 1144 3977 12
1176 3923 1304 3990 post
1343 3939 1503 3977 ειπεν
1531 3924 1597 3990 -Ι-
1638 3941 1786 3975 αυτω
1821 3939 1850 3974 z
1881 3920 1890 3989 Ι
1923 3920 1991 3974 13
2027 3933 2326 3988 εισήγαγεν
2361 3914 2483 3968 AFt
2505 3918 2587 3978 ¹1,

359 4019 679 4076 εισηνεγκεν
718 4006 902 4078 D[Gn]
958 4011 968 4078 Ι
1019 4008 1085 4062 13
1122 4010 1245 4063 ante
1282 4026 1409 4068 τους
1446 4008 1511 4075 -Ι-
1550 4028 1581 4061 ο
1625 4025 1763 4082 ανηρ
1798 4023 1832 4059 x
1880 4006 1888 4074 Ι
1944 4005 2012 4060 13
2051 4021 2150 4070 την
2191 4020 2375 4056 οικιαν
2408 3999 2538 4054 Amt
2575 3999 2586 4069 Ι

359 4089 429 4144 13
464 4092 592 4145 ante
631 4106 821 4166 ιωσηφ
865 4098 928 4161 -Ι-
961 4113 1064 4149 τον
1099 4095 1149 4150 D
1186 4095 1295 4164 [GR]
1324 4093 1400 4157 F,
1451 4095 1516 4161 -Ι-
1565 4113 1668 4147 του
1706 4108 1790 4146 om
1833 4093 1842 4161 Ι
1882 4090 2041 4158 13s14
2080 4103 2265 4160 ιωσηφ
2299 4106 2395 4141 και
2431 4086 2586 4140 ιδον-

356 4193 444 4235 τες
481 4177 544 4231 δε
581 4193 614 4232 a
644 4179 652 4246 Ι
685 4180 755 4234 14
790 4181 1011 4255 ανδρες]
1052 4187 1348 4250 ανθρωποι
1379 4178 1428 4232 A
1467 4178 1642 4249 [quod
1669 4179 1835 4247 uulgo
1870 4177 1928 4232 in
1964 4174 2361 4231 commentariis
2397 4171 2588 4226 absen-

352 4262 436 4316 tifi.
471 4263 700 4335 clarum]
737 4281 800 4320 xz
863 4270 874 4334 Ι
937 4267 1007 4320 14
1046 4273 1455 4336 εισηνεχθησαν
1499 4265 1600 4321 AD
1634 4265 1750 4336 [GR]
1790 4280 1819 4319 c
1848 4266 1857 4334 Ι
1898 4264 1966 4317 14
2000 4282 2103 4316 του
2138 4271 2204 4322 >
2241 4259 2512 4315 AFamffl
2575 4257 2586 4328 Ι

354 4347 422 4402 15
457 4367 623 4406 ειπον
656 4367 686 4407 z
730 4353 738 4422 Ι
782 4352 851 4408 15
885 4368 1199 4428 μαρσιποις
1233 4371 1261 4406 z
1307 4355 1315 4423 Ι
1361 4354 1429 4409 16
1466 4371 1626 4425 ημων
1664 4362 1732 4413 >
1765 4354 1849 4407 mt
1891 4350 1900 4421 Ι
1947 4350 2015 4407 16
2051 4362 2468 4420 συκοφαντισαι
2505 4361 2536 4401 z
2575 4345 2586 4412 Ι

358 4432 423 4487 17
460 4440 655 4502 βαλειν
694 4455 721 4490 z
770 4441 780 4505 Ι
822 4435 891 4493 19
929 4454 1028 4492 του
1062 4439 1352 4496 secundum
1388 4450 1456 4501 >
1495 4439 1575 4498 ΑΖ

2019 4521 2151 4587 12*
