3169 4941
2530 445 2601 504 43

313 633 344 690 1
379 627 548 691 sabee
594 621 842 702 dicitur,
893 619 1342 688 asseruerimus
1365 617 1678 684 Bersabee
1720 617 2129 702 appellatam,
2174 615 2390 682 tamen
2431 630 2599 679 nunc

379 749 453 795 ex
495 746 569 793 eo
591 777 606 808 ‚
681 727 848 810 quod
904 746 1068 809 aqua
1119 726 1377 791 inuenta
1434 725 1534 788 est
1549 772 1565 801 ,
1640 724 1818 788 Isaac
1864 721 1944 786 ad
2005 740 2235 786 nomen
2300 718 2597 796 ciuitatiS,

379 853 539 918 quae
595 834 687 898 ita
741 831 1088 896 uocabatur
1142 829 1438 896 alludens
1453 877 1469 906 ,
1545 826 1885 892 declinauit
1942 824 2273 908 paululum
2328 823 2596 900 liberam,

381 938 445 1002 et
482 956 596 1021 pro
643 935 908 1002 stridulo
938 934 1373 1000 Hebraeorum
1415 933 1512 998 sin
1531 981 1546 1010 ,
1596 951 1634 997 a
1672 949 1793 1016 quo
1836 934 2005 995 sabee
2052 929 2368 1014 incipitur,
2414 946 2598 1012 grae-

309 1055 344 1110 5
381 1061 527 1106 cum
575 1042 833 1119 simma,
889 1040 955 1104 id
1017 1041 1116 1104 est
1156 1038 1497 1103 hebraeum
1559 1037 1813 1102 samech
1866 1035 2095 1119 posuit.
2215 1031 2492 1115 alioquin
2536 1033 2601 1096 et

375 1146 552 1211 iuxta
597 1145 935 1230 allegoriae
981 1143 1190 1227 legem
1233 1143 1378 1227 post
1425 1142 1640 1208 tantos
1697 1142 1921 1223 puteos
1978 1139 2046 1204 in
2102 1137 2227 1203 fine
2290 1137 2601 1202 uirtutum

378 1269 779 1334 nequaquam
819 1249 1112 1334 congruit
1153 1248 1228 1312 ut
1271 1248 1452 1312 Isaac
1491 1265 1721 1329 aquam
1760 1243 2017 1308 minime
2060 1240 2421 1327 reppererit.

552 1357 705 1418 Ecce
736 1357 906 1418 Esau
931 1355 1141 1434 frater
1187 1374 1356 1416 meus
1403 1355 1505 1415 uir
1546 1352 1781 1435 pilosus
1799 1397 1816 1427 ‚
1860 1353 1917 1412 et
1954 1370 2061 1431 eyo
2102 1369 2239 1411 sum
2281 1351 2386 1410 uir
2426 1349 2597 1410 leui&

377 1457 486 1523 ubi
552 1476 666 1522 nos
723 1457 999 1540 pilosum-
1065 1456 1338 1540 legimus
1361 1504 1377 1533 ,
1480 1455 1545 1518 in
1601 1455 1873 1520 hebraeo
1936 1452 2243 1534 scriptum
2304 1451 2402 1515 est
2455 1455 2597 1514 seir.

276 1579 343 1633 10
377 1561 544 1626 unde
584 1562 804 1644 postea
847 1561 1082 1626 montis
1127 1559 1261 1626 Seir
1305 1557 1498 1642 regio,
1544 1557 1611 1622 in
1658 1577 1780 1642 qua
1821 1557 2212 1634 uersabatur,
2261 1557 2359 1622 est
2400 1553 2598 1620 dicta:

379 1666 648 1730 diximus
696 1666 772 1729 de
815 1666 934 1730 hoc
975 1667 1039 1730 et
1087 1683 1292 1748 supra.

552 1773 636 1834 Et
687 1775 944 1854 sumpsit
1003 1771 1268 1833 Rebecca
1338 1773 1693 1833 uestimenta
1744 1769 1913 1830 Esau
1960 1767 2102 1848 filii
2158 1770 2264 1830 sui
2331 1770 2598 1844 maioma,

376 1897 526 1958 quae
571 1880 741 1940 erant
783 1875 1208 1938 desiderabilia
1250 1873 1411 1957 apud
1453 1895 1516 1936 se
1570 1873 1749 1937 domi.
1852 1872 1918 1935 et
1969 1870 2036 1934 in
2090 1870 2211 1936 hoc
2268 1869 2408 1935 loco
2465 1872 2597 1936 tra-

379 1979 536 2043 dunt
597 1978 871 2043 Hebraei
941 1977 1393 2060 primogenitos
1466 1976 1718 2041 functos
1794 1974 1997 2040 officio
2062 1975 2463 2040 sacerdotum
2534 1977 2599 2042 et

275 2091 342 2146 15
378 2082 672 2148 habuisse
725 2081 1175 2146 uestimentum
1231 2079 1621 2145 sacerdotale
1638 2128 1653 2157 ,
1710 2097 1830 2162 quo
1880 2078 2089 2144 induti
2141 2079 2256 2144 deo
2301 2079 2596 2144 uictimas

377 2185 750 2263 offerebant,
799 2187 1136 2269 antequam
1180 2183 1397 2249 Aaron
1440 2184 1506 2248 in
1551 2183 1971 2248 sacerdotium
2018 2183 2374 2286 eligerptur.

550 2292 634 2353 Et
692 2290 852 2354 dimit
890 2293 1060 2353 Esau
1103 2292 1269 2353 Iuste
1322 2294 1598 2352 uocatum
1644 2293 1731 2352 est
1776 2311 1983 2352 nomen
2026 2293 2159 2352 eius
2202 2291 2375 2353 Iacob
2393 2338 2408 2367 ‚
2458 2311 2596 2373 sup-

362 2396 672 2479 plantauit
715 2400 870 2458 enim
913 2415 1008 2458 me
1047 2415 1174 2458 ecce
1215 2393 1484 2458 seeundo.
1573 2392 1763 2458 Iacob
1807 2392 2242 2477 supplantator
2284 2393 2593 2477 interpre-

374 2499 567 2563 tatur.
656 2497 735 2563 ab
781 2518 855 2564 eo
898 2498 1096 2583 igitur
1114 2546 1130 2575 ,
1178 2498 1342 2581 quod
1382 2497 1647 2562 fratrem
1680 2500 1817 2563 arte
1864 2497 2211 2579 deceperit,
2256 2497 2473 2564 allusit
2516 2499 2596 2563 ad

271 2616 340 2671 20
377 2619 636 2679 nomen,
679 2602 788 2684 qui
829 2600 971 2665 ideo
1000 2600 1191 2667 Iacob
1235 2603 1381 2667 ante
1426 2602 1691 2666 uocatus
1730 2602 1868 2679 est,
1916 2601 2081 2683 quod
2116 2601 2185 2666 in
2230 2603 2373 2667 ortu
2412 2602 2597 2687 plan-

372 2706 508 2770 tam
547 2704 764 2771 fratris
805 2704 1358 2790 appraehenderat.

546 2813 630 2873 Et
669 2811 871 2889 fratri
903 2816 1005 2874 tuo
1043 2815 1305 2874 seruies:
1349 2815 1405 2874 et
1441 2814 1560 2874 erit
1602 2811 1833 2893 quando
1870 2811 2119 2895 depones
2158 2816 2216 2875 et
2254 2813 2451 2876 solues
2496 2816 2595 2876 iu-

365 2936 513 2997 9um
543 2916 719 2978 illius
759 2916 831 2978 de
871 2916 1024 2979 collo
1068 2919 1183 2979 tuo.
1245 2913 1562 2999 significat
1604 2914 1769 2999 quod
1798 2913 2083 2981 Idumaei
2128 2915 2424 2982 seruituri
2468 2917 2597 2982 sint

369 3016 651 3096 Iudaeis,
716 3019 781 3083 et
823 3020 1073 3101 tempus
1122 3037 1258 3084 esse
1304 3019 1676 3098 uenturum,
1742 3020 1987 3103 quando
2034 3019 2109 3085 de
2162 3019 2325 3085 collo
2372 3020 2595 3107 iugum

267 3138 338 3191 25
375 3121 700 3186 seruitutis
747 3122 1024 3188 abiciant
1083 3142 1420 3207 eorumque
1482 3123 1747 3207 imperio
1808 3122 2263 3189 contradicant.
2368 3144 2595 3191 secun-

375 3223 523 3288 dum
568 3225 740 3290 LXX
785 3226 996 3291 autem
1052 3226 1428 3309 interpretes
1446 3277 1461 3306 ,
1525 3228 1634 3310 qui
1690 3226 1979 3294 dixerunt
2030 3234 2149 3292 erit
2208 3235 2404 3293 autem
2458 3254 2595 3295 cum

373 3330 716 3412 deposueris
751 3334 807 3393 et
849 3332 1108 3393 colueris
1135 3334 1345 3413 iuyum
1390 3333 1463 3394 de
1493 3333 1646 3395 collo
1689 3338 1809 3410 tuo,
1844 3331 2095 3397 uidetur
2132 3332 2404 3418 pendere
2452 3354 2596 3401 sen-

372 3430 575 3497 tentia
619 3450 735 3496 nec
774 3450 908 3497 esse
956 3432 1284 3516 completa.
1519 3430 1527 3437 ’

545 3538 627 3599 Et
683 3539 922 3598 uocauit
959 3537 1134 3598 Iacob
1191 3557 1401 3600 nomen
1445 3539 1567 3600 loci
1620 3538 1798 3601 illius
1842 3540 2058 3603 Betkel
2071 3588 2088 3616 ,
2130 3544 2187 3603 et
2246 3541 2593 3607 Ulammaus

267 3658 340 3713 30
374 3644 504 3703 erat
547 3661 756 3703 nomen
797 3643 1063 3702 ciuitates
1101 3643 1293 3722 prius.
1395 3638 1474 3704 ab
1533 3658 1625 3717 ec,
1673 3641 1838 3724 quod
1893 3661 2081 3724 supra
2119 3642 2359 3708 dixerat
2414 3667 2595 3728 quam

371 3746 670 3823 terribilis
725 3748 812 3806 est
869 3744 1036 3805 locus
1087 3747 1227 3805 iste:
1283 3764 1398 3806 non
1457 3749 1544 3807 est
1598 3746 1697 3807 hic
1748 3749 1873 3808 nisi
1910 3746 2137 3810 ,domus
2190 3748 2297 3811 dei
2346 3754 2402 3813 et
2452 3753 2597 3814 haec

365 3852 544 3931 porta
588 3848 745 3910 caeli
791 3865 957 3910 nunc
1002 3846 1140 3911 loco
1188 3864 1415 3911 nomen
1454 3846 1700 3932 inponit
1740 3855 1797 3913 et
1850 3855 2090 3915 uocauit
2136 3853 2317 3915 illum
2360 3855 2598 3934 Bahal,

522 4011 557 4065 8
595 4011 704 4060 Gen
737 4010 822 4072 27,
862 4010 926 4063 11
982 4006 988 4078 Ι
1037 4009 1104 4064 12
1143 4011 1253 4060 Gen
1290 4011 1376 4076 27,
1419 4011 1484 4067 15
1525 4009 1532 4081 Ι
1588 4012 1653 4065 17
1692 4013 1801 4065 Gen
1839 4014 1923 4077 27,
1960 4014 2033 4069 35
2074 4012 2079 4084 Ι
2120 4016 2189 4069 22
2227 4017 2335 4068 Gen
2361 4017 2446 4080 27,
2476 4018 2545 4071 40
2584 4015 2592 4088 Ι

372 4093 441 4147 29
478 4095 586 4145 Gen
618 4093 700 4154 28,
741 4096 807 4149 19
839 4094 846 4163 Ι
879 4096 948 4150 30
984 4098 1094 4147 Gen
1131 4094 1216 4159 28,
1257 4096 1323 4150 17

515 4240 542 4292 1
582 4243 917 4292 asemerimus
953 4260 1024 4312 φ,
1062 4244 1396 4295 asseuerimus
1433 4251 1468 4311 β
1487 4248 1530 4307 ¹,
1568 4248 1933 4299 asseruerimus
1971 4254 2007 4314 β
2026 4252 2076 4315 2,
2116 4267 2461 4303 asseueremus
2498 4272 2537 4321 y
2582 4250 2591 4325 Ι

373 4326 404 4379 5
443 4328 622 4377 simma
657 4331 816 4398 βγφῡ,
853 4328 1007 4379 imma
1027 4334 1096 4399 φι
1125 4327 1133 4399 Ι
1164 4329 1198 4383 8
1223 4331 1356 4381 lem's
1375 4337 1448 4399 βγ
1478 4328 1488 4401 Ι
1521 4334 1591 4388 10
1626 4339 1823 4386 montes
1861 4336 1963 4387 seir
1998 4342 2048 4387 et
2081 4338 2228 4403 regio
2263 4356 2307 4407 φ
2338 4334 2345 4406 Ι
2381 4339 2446 4393 13
2482 4350 2595 4391 ante

373 4414 508 4479 apud
527 4414 758 4483 -1—ualde
793 4412 860 4487 φΙ
882 4414 947 4470 17
983 4416 1122 4469 iuxte
1148 4414 1302 4491 φ131
1341 4418 1568 4473 orribilis
1595 4418 1663 4494 φΙ
1681 4421 1746 4477 31
1788 4423 1871 4473 hic
1905 4429 1994 4494 βγ,
2033 4426 2157 4477 haec
2194 4421 2348 4497 φ132
2384 4430 2592 4500 ιιοοειῐφ
