3169 4941
519 428 557 483 4
1425 425 1652 482 Genesis
1689 426 1740 479 1.
1772 425 1826 479 2.

521 587 811 679 ἑρπετῶν
851 592 982 654 τῶν
1021 582 1356 675 ἑρπόντων
1397 584 1516 653 ἐπὶ
1563 593 1681 676 τῆς
1730 587 1859 676 γῆς.
1920 582 2103 651 ”nal
2154 579 2462 672 ἐποίησεν
2506 577 2543 650 ὃ
2584 579 2749 660 θεὸς
2785 601 2810 646 1

519 695 634 764 τὸν
675 689 1053 782 ἄνθρωπον,
1109 681 1249 759 κατ’
1303 687 1524 758 εἰκόνα
1568 697 1730 758 θεοῦ
1772 685 2079 778 ἐποίησεν
2118 679 2310 755 αὐτόν
2327 709 2343 725 ·
2402 683 2592 776 ὂὶρσεν
2634 684 2749 752 καὶ

519 801 691 888 θῆλυ
731 793 1038 886 ἐποίησεν
1079 790 1326 875 αὐτούς.
1387 793 1572 862 ’Βκαὶ
1613 786 1946 883 εὐλόγησεν
1986 785 2219 871 αὖτοὺς
2268 789 2305 858 ὃ
2348 791 2512 870 θεὸς
2546 787 2749 876 λέγων

521 898 921 983 Αὗξάνεσθε
973 898 1084 966 καὶ
1137 896 1583 1025 πληθύνεσθε
1587 951 1603 981 ,
1666 897 1777 965 καὶ
1839 896 2227 987 πληρώσατε
2290 894 2403 980 τὴν
2468 901 2583 983 γῆν
2636 891 2749 959 καὶ

523 1002 1061 1094 κατακυριεύσατε
1108 996 1337 1092 αὐτῆς,
1382 1000 1494 1070 καὶ
1537 998 1765 1089 α’ρχετε
1807 1005 1935 1068 τῶν
1972 997 2214 1083 ἰχθύων
2255 1005 2369 1088 τῆς
2410 997 2751 1086 θαλάσσης
2784 1012 2814 1058 5

523 1109 638 1178 καὶ
692 1116 820 1177 τῶν
858 1111 1169 1175 πετεινῶν
1221 1111 1336 1174 τοῦ
1389 1100 1659 1196 οὐρανοῦ
1711 1104 1825 1173 καὶ
1869 1104 2138 1172 πάντων
2175 1108 2304 1171 τῶν
2357 1107 2600 1192 κτηνῶν
2639 1101 2751 1168 καὶ

525 1213 744 1304 πάσης
782 1217 897 1303 τῆς
938 1215 1052 1302 γῆς
1096 1210 1210 1278 καὶ
1253 1208 1520 1278 πάντων
1573 1213 1704 1277 τῶν
1762 1206 2051 1296 ἑρπετῶν
2093 1212 2221 1275 τῶν
2264 1202 2590 1297 ἑρπόντων
2632 1191 2749 1272 ἐπι

523 1322 638 1409 τῆς
677 1323 808 1407 γῆς.
853 1321 912 1360 ²⁹
927 1316 1038 1383 καὶ
1079 1309 1264 1383 εἶπεν
1311 1313 1349 1383 ὃ
1398 1314 1562 1395 θεὸς
1584 1307 1747 1382 Ἰδοὺ
1789 1312 2043 1382 δέδωκα
2079 1310 2232 1398 ὑμῖν
2260 1307 2475 1378 πάντα
2498 1306 2748 1399 χόρτον,

526 1418 852 1511 σπόριμον
911 1425 1184 1507 σπεῖρον
1247 1416 1540 1509 σπέρμα,
1598 1416 1637 1486 o'
1682 1417 1860 1485 ἐστιν
1918 1415 2144 1484 ἐπάνω
2185 1412 2405 1505 πάσης
2460 1422 2576 1505 τῆς
2604 1419 2750 1506 γῆς,

526 1525 638 1592 καὶ
678 1528 815 1592 πᾶν
857 1524 1066 1608 ξύλον,
1115 1518 1153 1593 ὃ
1192 1520 1325 1607 ἔχει
1352 1521 1421 1590 ἐν
1452 1519 1659 1611 ἑαυτῷ
1694 1521 1953 1611 καρπὸν
1986 1519 2362 1611 σπέρματος
2391 1515 2719 1608 σπορίμου
2734 1539 2753 1554 ·
2792 1535 2858 1581 10

526 1626 675 1714 ὑμῖν
721 1625 904 1696 ἔσται
947 1625 1042 1707 εἰς
1079 1630 1324 1717 βρῶσιν
1385 1627 1568 1695 3οκαὶ
1613 1630 1785 1693 πᾶσι
1828 1630 1971 1706 τοῖς
2012 1624 2279 1715 θηρίοις
2329 1631 2446 1707 τῆς
2483 1625 2599 1712 γῆς
2642 1621 2754 1689 καὶ

527 1735 698 1798 πᾶσι
741 1736 881 1811 τοῖς
929 1735 1256 1811 πετεινοῖς
1305 1738 1420 1798 τοῦ
1460 1723 1737 1816 οὖρανοῦ
1783 1729 1891 1797 καὶ
1944 1729 2151 1814 παντὶ
2194 1726 2448 1816 ἑρπετῷ
2484 1726 2755 1813 ἕρποντι

527 1833 648 1902 ἐπὶ
691 1838 808 1924 τῆς
853 1841 967 1924 γῆς
981 1887 997 1917 ,
1043 1826 1082 1901 ὃ
1127 1833 1256 1918 ἔχει
1295 1831 1363 1902 ἓν
1403 1831 1616 1922 ἑαυτῷ
1658 1833 1866 1924 ψυχὴν
1908 1834 2099 1922 ζωῆς,
2147 1833 2262 1899 καὶ
2288 1832 2505 1899 πάντα
2530 1827 2759 1918 χόρτον

525 1938 769 2026 χλωρὸν
810 1935 908 2017 εἰς
946 1942 1205 2026 βρῶσιν.
1245 1938 1355 2006 καὶ
1398 1937 1653 2024 ἐγένετο
1698 1936 1915 2017 οὕτως.
1963 1935 2149 2003 ”aab
2196 1931 2364 2003 εἶδεν
2410 1934 2447 2004 ὃ
2484 1934 2647 2015 θεὸς
2673 1933 2757 2000 τὰ

527 2042 748 2109 πάντα
761 2095 778 2126 ,
825 2040 950 2109 ὅσα
980 2039 1253 2131 ἐποίησε
1265 2094 1281 2125 ,
1329 2039 1440 2108 καὶ
1471 2038 1614 2109 ἰδοὺ
1644 2040 1803 2108 καλὰ
1849 2038 2015 2109 λίαν.
2068 2039 2177 2106 καὶ
2220 2037 2466 2126 ἐγένετο
2510 2035 2759 2124 ἑσπέρα
2796 2050 2861 2096 15

451 2144 496 2213 2
529 2146 641 2214 καὶ
681 2143 928 2234 ἐγένετο
974 2144 1152 2235 πρωὶ
1197 2143 1399 2236 ἡμέρα
1439 2143 1604 2235 ἕκτη.
1680 2151 1705 2188 ¹
1718 2144 1829 2212 καὶ
1885 2143 2435 2232 συνετελέσθησαν
2490 2139 2525 2210 ὃ
2564 2135 2757 2231 οὖρα-

527 2251 638 2330 νὸς
695 2248 809 2317 καὶ
858 2247 898 2339 ἡ
939 2255 1016 2340 γῆ
1063 2248 1175 2316 καὶ
1220 2253 1360 2328 πᾶς
1408 2245 1445 2317 ὃ
1495 2245 1742 2333 κόσμος
1784 2241 2006 2316 αὐτῶν.
2069 2248 2219 2314 ’καὶ
2274 2245 2677 2314 συνετέλεσεν
2721 2241 2758 2313 ὃ

424 2439 440 2456 “
527 2415 598 2505 20
633 2452 758 2520 post
791 2465 1003 2517 κτηνων
1035 2447 1100 2514 -Ι-
1139 2467 1234 2501 και
1268 2465 1382 2501 των
1428 2453 1648 2519 θηριων
1697 2450 1780 2503 mt
1832 2447 1841 2518 Ι
1896 2448 1965 2503 20
1998 2462 2182 2513 πασης
2212 2445 2545 2509 AEabmrtz,
2609 2462 2757 2499 παν-

525 2554 636 2590 των
671 2552 702 2590 6
730 2538 741 2603 Ι
771 2538 894 2603 2011
929 2554 1025 2588 και
1061 2552 1290 2588 παντων
1323 2553 1434 2588 των
1463 2554 1712 2609 ερπετων
1749 2553 1861 2589 των
1898 2552 2179 2607 ερποντων
2215 2552 2311 2587 επι
2346 2552 2440 2601 της
2472 2552 2574 2603 γης
2595 2542 2664 2593 >
2685 2549 2715 2586 1·
2744 2534 2751 2601 Ι

525 2622 597 2678 20
634 2640 866 2678 παντων
898 2630 966 2679 >
989 2637 1044 2674 111
1075 2622 1084 2689 Ι
1123 2622 1193 2676 20
1227 2620 1458 2675 Grabius
1496 2638 1530 2674 a
1565 2622 1618 2675 D
1653 2639 1764 2675 των
1800 2622 2031 2675 alterum
2067 2620 2253 2675 abesse
2290 2620 2451 2687 dicit,
2486 2619 2597 2673 nisi
2617 2618 2757 2673 forte

527 2708 823 2777 „librarius
860 2706 1146 2761 recentiori
1181 2722 1346 2761 manu
1387 2707 1697 2762 adscribens
1732 2726 1827 2760 και
1864 2726 1983 2761 παν
2020 2707 2262 2761 omiserit
2296 2711 2451 2763 των“

668 2795 703 2848 2
736 2795 862 2863 post
886 2794 1348 2867 ανθρωπον-Ι-εν
1374 2811 1551 2846 εικονι
1584 2813 1753 2847 αυτ-ου
1777 2810 1805 2847 1·
1836 2793 1843 2862 Ι
1875 2794 1909 2849 3
1934 2796 2077 2847 &vl-v
2101 2794 2153 2847 D
2184 2796 2193 2863 Ι
2224 2795 2259 2847 3
2278 2796 2590 2863 ηυλογησεν
2613 2792 2753 2858 AEz,

527 2884 826 2951 ευλογησεν
855 2880 907 2933 D
947 2879 1216 2949 [superest
1251 2879 1367 2949 ευλ]
1405 2878 1615 2933 abcmrt
1644 2880 1653 2947 Ι
1685 2880 1720 2933 3
1756 2899 1953 2939 αυτους
1988 2899 2017 2931 ο
2038 2886 2175 2939 θεος
2208 2880 2525 2944 Aabcmrtz,
2564 2900 2595 2933 ο
2619 2886 2757 2938 θεος

528 2986 724 3023 aurove
757 2966 803 3019 Ε
833 2966 842 3035 Ι
871 2964 910 3019 4
941 2969 1286 3027 αυξανεσθαι
1325 2983 1353 3018 z
1391 2965 1570 3035 [z²=
1588 2965 1647 3035 b]
1682 2966 1691 3032 Ι
1718 2966 1755 3020 4
1790 2968 2185 3032 πληθυνεσθαι
2222 2965 2272 3020 Α
2301 2967 2311 3037 Ι
2340 2967 2377 3021 4
2406 2983 2504 3035 pro
2530 2969 2755 3038 πληρω-

528 3068 659 3107 σατε
690 3053 742 3106 D
780 3051 1142 3122 πληθυνῂτε]
1177 3051 1372 3107 habere
1410 3052 1609 3106 dicitur
1656 3067 1690 3106 a
1725 3050 1922 3106 Grabio
1935 3092 1948 3116 ,
2002 3051 2074 3107 ad
2114 3068 2275 3122 quam
2308 3069 2496 3108 uocem
2535 3058 2577 3104 θ
2612 3068 2756 3107 nunc

527 3141 803 3208 super-tes
836 3139 1104 3207 pertinere
1139 3139 1390 3193 uideatur
1419 3141 1429 3207 Ι
1465 3140 1500 3195 5
1539 3154 1908 3208 αρχετωσανι·
1937 3138 1945 3208 Ι
1977 3141 2010 3193 6
2043 3157 2269 3193 παντων
2290 3150 2358 3200 >
2384 3140 2428 3193 Ε
2461 3143 2469 3207 Ι
2501 3138 2587 3209 6l7
2624 3160 2753 3207 κτη-

526 3244 642 3287 νων,
675 3228 732 3279 et
765 3224 865 3279 sub
901 3240 965 3279 eo
999 3223 1058 3278 ιά
1097 3265 1130 3291 ,,
1144 3225 1202 3279 111
1244 3225 1548 3280 charactere
1609 3226 1806 3281 minori
1860 3225 2048 3280 addita
2079 3241 2113 3280 a
2153 3242 2319 3281 manu
2351 3227 2554 3295 prima,
2616 3242 2753 3295 quae

526 3310 660 3366 olim
711 3312 1024 3366 examuerat
1073 3318 1282 3380 κτηνω“
1339 3330 1516 3365 muna
1580 3311 1781 3381 [καιπα
1835 3312 2075 3367 Baberus
2124 3312 2309 3368 subter
2360 3312 2499 3367 illud
2548 3318 2755 3380 κτηνω““

525 3398 744 3469 habet];
800 3398 992 3454 literae
1048 3418 1141 3452 και
1189 3400 1247 3453 et
1293 3398 1465 3453 maior
1511 3414 1639 3467 pars
1680 3417 1784 3453 του
1846 3416 1891 3452 π
1939 3399 2217 3468 perierunt
2262 3416 2382 3454 cum
2428 3414 2756 3471 pergamena

527 3485 748 3540 humore
793 3486 986 3540 laesa“
1038 3482 1088 3538 A
1155 3484 1164 3553 Ι
1231 3485 1319 3553 6s7
1367 3504 1462 3539 και
1500 3500 1682 3552 πασης
1715 3504 1809 3553 της
1838 3504 1942 3555 γης
1977 3496 2047 3545 >
2082 3486 2127 3540 Ε
2195 3487 2205 3556 Ι
2272 3488 2303 3541 ’1
2356 3505 2465 3541 των
2513 3503 2756 3561 ερπετων

527 3583 597 3633 >
621 3573 667 3627 Ε
709 3573 718 3641 Ι
761 3572 798 3626 8
822 3589 1007 3625 παντα
1043 3572 1285 3636 abcmrz,
1329 3586 1446 3625 mxv
1479 3570 1641 3641 ΑΕΗ
1683 3572 1718 3627 9
1764 3587 2012 3641 σπειρων
2045 3571 2095 3626 Α
2145 3573 2153 3643 Ι
2205 3575 2239 3629 9
2274 3589 2455 3639 πασης
2486 3583 2555 3634 >
2592 3588 2685 3626 acz
2743 3573 2750 3639 Ι

531 3659 598 3713 10
636 3658 708 3713 ad
739 3657 900 3711 11111118
934 3673 1122 3712 uersus
1171 3658 1470 3727 marginem
1515 3676 1545 3712 1·
1597 3672 1666 3710 συ
1711 3660 2158 3733 σπερματίζοντα
2208 3660 2334 3729 [vra
2377 3662 2503 3730 lego
2552 3678 2613 3726 ν,
2668 3660 2757 3713 cui

527 3763 560 3797 τ
594 3744 1038 3813 superscriptum]
1072 3746 1080 3809 Ι
1115 3745 1183 3799 10
1219 3745 1367 3813 ἀυτῳ
1402 3762 1434 3799 z
1463 3746 1472 3813 Ι
1513 3744 1577 3798 11
1617 3744 1685 3799 ab
1724 3763 1860 3814 υμιν
1891 3761 2087 3801 nouam
2133 3748 2555 3801 enuntiationem
2603 3761 2753 3799 exor-

528 3828 676 3884 ditur
707 3846 736 3883 r
789 3832 798 3898 Ι
850 3830 916 3886 12
961 3831 1089 3898 poet
1139 3848 1309 3883 παντι
1356 3846 1546 3885 rasura
1590 3830 1758 3885 trium
1810 3831 2089 3887 literarum
2133 3848 2299 3901 capax
2348 3831 2398 3886 A
2445 3833 2597 3902 [ergo
2647 3848 2756 3886 non

525 3916 708 3971 fuerat
742 3936 850 3982 τω,
898 3915 1042 3986 quod
1073 3902 1299 3971 daal-usn
1331 3917 1613 3972 literarum
1658 3918 1764 3988 est]
1820 3918 1827 3987 Ι
1892 3919 1957 3972 12
1984 3920 2111 3972 ante
2158 3936 2386 3991 ερποντι
2424 3919 2490 3986 -Ι-
2526 3937 2601 3972 τω
2636 3918 2686 3972 A
2744 3918 2751 3987 Ι

529 4002 600 4058 13
635 4004 818 4065 ζωσαν
852 4021 880 4055 z
911 4003 921 4071 Ι
963 4001 1030 4056 14
1055 4005 1273 4074 χλορον
1309 4020 1365 4058 111
1407 4005 1416 4071 Ι
1461 4005 1528 4059 14
1564 4020 1772 4059 comma
1801 4006 1869 4060 31
1907 4004 2139 4059 Grabius
2170 4003 2230 4058 in
2260 4004 2310 4058 D
2349 4004 2558 4072 „plane
2594 4005 2660 4057 ut
2695 4004 2755 4059 in

529 4087 762 4143 editione
797 4104 1020 4144 romana
1033 4094 1065 4121 ‘⁴
1101 4089 1362 4159 scriptum
1395 4106 1513 4145 esse
1544 4094 1781 4146 testatur
1810 4092 1819 4161 Ι
1866 4092 1932 4146 14
1970 4093 2094 4145 ιδεν
2122 4090 2172 4145 Α
2209 4091 2299 4160 [de
2320 4107 2423 4159 quo
2458 4107 2487 4145 e
2512 4090 2691 4160 spatio
2722 4108 2757 4147 a

527 4172 810 4229 dubitante
833 4176 1136 4230 coniectura
1157 4176 1245 4246 fit]
1271 4176 1347 4232 Ez
1377 4178 1386 4248 Ι
1419 4178 1487 4232 14
1509 4196 1578 4232 τα
1601 4187 1669 4237 >
1697 4178 1798 4232 Em
1830 4181 1837 4244 Ι
1872 4178 1936 4231 15
1960 4192 2222 4243 εποιησεν
2237 4177 2381 4241 Ecrt,
2416 4194 2619 4245 εποησε
2642 4194 2698 4231 111
2718 4183 2754 4231 ¹.

525 4258 576 4312 A
609 4260 712 4313 hoc
746 4261 864 4315 loco
903 4262 1047 4316 lacer
1081 4262 1212 4333 quid
1246 4262 1522 4327 habuerit,
1569 4280 1680 4318 non
1714 4264 1888 4332 liquet
1929 4263 1939 4333 Ι
1994 4264 2059 4319 16
2097 4263 2163 4317 de
2197 4263 2247 4317 D
2285 4262 2518 4319 Grabius
2570 4266 2756 4329 „inte-

526 4361 686 4414 grum
720 4346 822 4400 hoc
858 4348 1021 4415 caput
1058 4348 1397 4418 [secundum]
1449 4347 1603 4403 deest
1616 4389 1629 4414 ,
1670 4349 1905 4417 exceptis
1952 4349 2161 4403 ulfimis
2196 4349 2374 4404 uerbis
2408 4354 2753 4425 προσκολλη-

526 4436 763 4499 θησεται
792 4447 964 4501 usque
997 4432 1069 4488 ad
1115 4434 1278 4487 finem
1291 4472 1306 4499 ,
1358 4433 1418 4486 in
1464 4432 1659 4502 quibus
1698 4433 1871 4489 codici
1924 4435 2107 4490 cotton
2157 4452 2279 4491 cum
2325 4436 2587 4507 impresso
2638 4452 2757 4492 rom
