3169 4941
555 430 627 487 54

555 604 830 667 salumin.
947 616 1023 663 ex
1083 615 1206 681 quo
1263 596 1665 681 perspicuum
1720 599 1817 664 est
1878 616 2099 663 uerum
2152 616 2291 665 esse
2347 596 2549 680 illud,
2618 596 2783 683 quod
2822 600 2849 655 1

561 722 752 788 supra
791 700 868 767 de
911 700 1127 768 Salem
1165 700 1455 767 diximus.

731 808 816 871 Et
867 807 1227 889 introyressi
1273 809 1415 869 sunt
1481 808 1791 869 ciuitatem
1854 806 2177 889 diliyenter
2244 812 2303 870 et
2362 804 2787 887 interfecerunt

558 932 788 978 omnem
826 912 1182 975 masculum.
1285 926 1400 991 pro
1437 926 1530 986 eo,
1576 907 1743 993 quod
1778 906 1846 973 in
1890 909 2133 993 graecis
2170 908 2406 994 legitur
2452 899 2784 996 ἀσφαλῶς,

556 1012 625 1081 id
683 1016 782 1081 est
828 1012 1196 1097 diligenter,
1257 1011 1326 1077 in
1366 1011 1637 1078 hebraeo
1682 1011 1990 1097 scriptum
2030 1015 2128 1079 est
2203 1017 2361 1092 bete,
2433 1012 2499 1077 id
2542 1015 2640 1079 est
2678 1032 2783 1080 au·
2818 1020 2854 1076 5

557 1118 775 1185 dacter
819 1118 886 1183 et
931 1113 1334 1182 confidenter.

733 1224 818 1287 Et
883 1224 1050 1287 uenit
1099 1222 1274 1285 Iacob
1326 1223 1392 1283 in
1455 1220 1689 1284 Luzam
1752 1223 1819 1283 in
1886 1224 2053 1284 terra
2108 1220 2419 1300 Chanaan,
2496 1242 2645 1305 quae
2698 1226 2787 1287 est

559 1326 796 1391 Bethel.
905 1342 1052 1391 ecce
1093 1321 1607 1389 manifestissime
1652 1324 2093 1408 comprobatur
2136 1323 2366 1390 Bethel
2408 1335 2534 1390 n'on
2560 1324 2783 1390 Ulam-

557 1446 772 1508 mons,
830 1428 904 1494 ut
959 1444 1150 1512 supra
1191 1426 1434 1523 dictum
1493 1428 1623 1505 est,
1685 1427 1795 1492 sed
1839 1428 2109 1507 Luzam‚
2164 1426 2231 1492 id
2274 1428 2373 1494 est
2416 1418 2783 1511 ἀμύγδαλον

557 1533 708 1599 ante
749 1532 1116 1599 uocitatam.
1473 1606 1482 1613 ,
2820 1542 2889 1595 10

735 1638 822 1701 Et
877 1641 1116 1702 mortua
1173 1641 1262 1702 est
1322 1636 1603 1701 Debbora
1655 1639 1873 1700 nutv-230
1921 1636 2221 1700 Rebeccae
2280 1642 2339 1701 et
2388 1638 2625 1722 sepulta
2698 1644 2785 1703 est

557 1746 735 1805 ina-ta
788 1742 1021 1808 Bethel.
1107 1738 1162 1805 si
1224 1740 1475 1805 mortua
1531 1740 1632 1805 est
1685 1739 1892 1804 nutrix
1946 1739 2267 1805 Rebeccae
2320 1739 2571 1805 nomine
2610 1738 2784 1806 Deb-

559 1842 747 1921 bo'ra‚
791 1845 866 1909 ut
894 1844 1066 1910 LXX
1095 1861 1342 1927 quoque
1389 1842 1496 1909 hic
1541 1842 1916 1928 interpretes
1960 1842 2427 1909 transtulerunt
2470 1846 2535 1910 et
2577 1843 2783 1929 ipsum

556 1948 827 2015 uerbum
872 1948 971 2014 est
1010 1948 1376 2014 hebraicum
1435 1952 1738 2026 menecha,
1794 1947 1955 2013 scire
2012 1966 2140 2013 non
2199 1967 2531 2033 possumus
2590 1968 2783 2033 quare

557 2051 652 2118 ibi
697 2051 1121 2117 substantiam
1159 2052 1486 2136 posuerint
1501 2101 1517 2130 ‚
1574 2050 1681 2117 hic
1722 2052 2053 2117 nutricem.
2820 2046 2887 2102 15

736 2158 820 2221 Et
861 2157 1024 2220 dixit
1065 2161 1125 2219 ei
1161 2156 1322 2220 -deuc
1365 2159 1498 2220 Iam
1555 2178 1673 2220 non
1732 2159 2047 2221 uocabitur
2106 2178 2314 2221 nomen
2371 2162 2545 2221 tuum
2589 2159 2783 2235 Iacob,

561 2258 668 2321 ced
708 2260 946 2323 Israhel
1001 2263 1121 2324 erit
1169 2281 1378 2324 nomen
1445 2264 1619 2324 tuum
1686 2264 1743 2323 et
1795 2265 2039 2324 uocauit
2092 2282 2302 2333 nomen
2358 2265 2488 2325 eius
2531 2262 2783 2325 Israhel.

565 2360 804 2427 dudum
848 2380 1244 2446 nequaquam
1289 2363 1346 2429 ei
1393 2362 1473 2428 ab
1511 2362 1735 2447 angelo
1775 2382 2004 2429 nomen
2058 2355 2413 2449 inponitur‚'
2428 2381 2433 2385 ·
2466 2363 2575 2429 sed
2617 2364 2785 2448 quod

561 2464 990 2550 inponendum
1045 2486 1084 2532 a
1125 2467 1240 2533 deo
1285 2466 1371 2534 sit
1412 2466 1828 2553 praedicatur.
1918 2468 2084 2553 quod
2130 2467 2327 2554 igitur
2368 2467 2459 2535 ibi
2500 2468 2785 2536 futurum

557 2571 952 2656 promittitur
967 2621 982 2650 ,
1027 2571 1132 2637 hic
1179 2573 1439 2639 docetur
1485 2572 1821 2658 expletum.
2816 2581 2887 2634 20

735 2677 820 2740 Et
871 2676 1119 2757 factum
1171 2683 1260 2742 est
1277 2726 1291 2755 ‚
1351 2677 1497 2741 dum
1561 2682 2071 2762 appropinquaret·
2106 2679 2447 2742 Chabratha
2510 2683 2577 2740 in
2618 2683 2783 2742 terra

561 2779 867 2858 Chanaan,
926 2785 996 2844 ut
1051 2784 1284 2844 ueniret
1341 2779 1607 2861 EJ'ratha
1620 2831 1637 2860 ,
1689 2785 1929 2866 peperit
1984 2781 2233 2844 Rachel.
2335 2780 2601 2846 uerbum
2668 2782 2781 2846 he-

559 2880 844 2948 braicum
889 2885 1216 2948 chabratha
1257 2883 1326 2948 in
1379 2883 1906 2966 consequentibus
1922 2931 1937 2960 ‚
1994 2880 2107 2948 ubi
2147 2882 2337 2950 Iacob
2377 2882 2658 2967 loquitur
2702 2881 2783 2949 ad

562 2983 792 3069 Ioseph
833 3007 938 3070 eqo
983 2991 1180 3051 autem
1236 3007 1374 3051 cum
1415 2992 1685 3051 uenirem
1736 2987 1809 3050 de
1846 2989 2282 3071 Mesopotamia
2332 2987 2575 3071 Syriae,
2630 3010 2785 3052 mor-

562 3093 672 3153 tua
715 3094 804 3153 est
839 3094 1031 3153 mater
1069 3094 1175 3154 tua
1219 3091 1451 3155 Rachel
1487 3085 1553 3154 in
1592 3095 1759 3156 terra
1796 3091 2104 3169 Chamon,
2144 3095 2209 3155 in
2246 3095 2353 3156 uia
2390 3093 2784 3176 hippodromi,
2816 3095 2887 3151 25

562 3195 632 3256 ut
650 3196 916 3256 uenirem
939 3195 1333 3278 Ephratham,
1378 3193 1591 3282 nescio
1626 3192 1773 3278 quid
1802 3194 2089 3261 uolentes
2117 3193 2599 3280 hippodromum
2612 3195 2785 3261 LXX

557 3293 936 3379 interpretes
991 3295 1481 3363 transtulerunt:
1549 3299 1615 3363 et
1674 3297 1893 3364 statim
1938 3296 2061 3377 ibi,
2117 3297 2226 3364 ubi
2264 3297 2334 3364 in
2373 3299 2642 3364 hebraeo
2686 3296 2783 3362 di-

563 3395 728 3463 citur
771 3404 829 3463 et
869 3402 1232 3484 sepelierunt
1287 3423 1418 3467 eam
1473 3408 1540 3467 in
1591 3406 1699 3466 uia
1740 3403 2053 3487 Ephratha
2071 3450 2089 3480 ,
2148 3406 2291 3467 haec
2330 3407 2417 3466 est
2456 3404 2782 3481 Bethleem,

555 3519 805 3568 rursum
820 3503 992 3570 LXX
1026 3505 1400 3591 interpretes
1427 3524 1540 3588 pro
1553 3505 1881 3591 Ephratha
1907 3507 2249 3601 posuerunt
2269 3505 2782 3592 hippodromumz

557 3622 703 3672 cum
735 3605 953 3691 utique
991 3607 1046 3673 si
1089 3607 1434 3675 chabratha
1463 3609 1911 3694 hippodromus
1946 3610 2063 3689 est,
2088 3609 2413 3693 Ephratha
2441 3608 2780 3694 hippodro-
2816 3617 2888 3671 30

558 3727 700 3775 mus
733 3728 868 3775 esse
899 3729 1024 3776 non
1053 3712 1272 3796 possit.
1331 3713 1568 3798 Aquila
1594 3715 1812 3780 autem
1838 3715 1960 3780 hoc
1988 3713 2079 3780 ita
2110 3713 2439 3814 transtulit
2467 3720 2523 3779 ct
2533 3716 2779 3798 factum

699 3921 734 3975 3
769 3921 878 3974 Gen
915 3922 1002 3988 34,
1037 3921 1106 3977 25
1168 3925 1178 3990 Ι
1249 3924 1279 3978 7
1317 3925 1428 3975 Gen
1463 3924 1550 3987 35,
1590 3925 1624 3979 6
1688 3926 1719 3990 1.
1755 3924 1818 3978 11
1862 3926 1971 3976 Gen
2007 3923 2091 3989 35,
2130 3924 2165 3978 8
2218 3923 2227 3994 Ι
2284 3924 2351 3979 16
2388 3927 2499 3977 Gen
2532 3925 2619 3988 35,
2657 3924 2772 3995 101

555 4005 622 4060 21
667 4006 900 4070 aenas,
943 4007 1901 4077 16124G0n427128Gen35,
1941 4012 2009 4066 19

659 4182 690 4236 1
728 4133 956 4236 salamim
982 4205 1026 4257 φ
1059 4185 1066 4254 Ι
1097 4186 1132 4241 4
1155 4203 1303 4238 omne
1325 4188 1536 4238 masculi
1517 4204 1659 4245 ιιιιιιιι
1685 4207 1730 4261 φ
1758 4185 1765 4257 Ι
1794 4188 1829 4242 9
1852 4187 2147 4252 amigdalon
2170 4193 2329 4255 βγ,·ει
2296 4189 2606 4243 amrrdanon
2630 4193 2745 4256 sris
2762 4188 2783 4259 Ι

556 4267 638 4420 10Ι
657 4275 892 4407 {tionum
928 4276 963 4336 β
1011 4273 1048 4338 1
1067 4272 1134 4327 12
1169 4273 1314 4334 iuxta
1346 4279 1440 4343 β)
1473 4275 1653 4326 subtus
1691 4273 1809 4344 φῙ
1826 4275 1894 4328 14
1928 4275 2207 4336 men&cath
2236 4293 2291 4344 φ
2332 4273 2339 4341 Ι
2387 4274 2455 4329 19
2484 4291 2585 4341 -rep
2558 4275 2689 4330 edici
2688 4281 2777 4327 tur

551 4371 598 4423 φ
771 4371 884 4407 ‘mm
926 4375 970 4427 (Ρ
2772 4393 2781 4400 ·
