3169 4941
1527 432 1909 494 ...4-

771 634 812 677 a
852 616 1148 697 principio
1200 635 1410 679 uersus
1459 617 1536 680 16
1598 636 1711 698 cap
1758 617 1838 680 15
1891 637 2079 697 usque
2138 619 2217 680 ad
2268 619 2445 679 finem
2500 638 2711 681 uersus
2752 619 2831 682 19

771 708 1236 796 Καδμοναίουςε
1287 733 1363 776 ex
1391 724 1611 795 quarta
1647 715 1925 778 columna
1963 736 2001 777 a
2038 735 2150 796 cap
2178 716 2256 778 16
2303 735 2441 778 uers
2470 717 2509 780 6
2544 715 2831 798 παιδίσκη

778 832 887 882 σου
937 810 1204 872 ἐναντίον
1253 833 1442 894 usque
1487 816 1567 876 ad
1607 814 1783 876 finem
1828 833 2039 875 uersus
2078 813 2117 875 9
2160 813 2475 877 inclusiue:
2533 817 2691 877 unde
2719 824 2833 875 'se-

771 928 960 990 quens
999 909 1206 973 folium
1253 911 1292 973 9
1337 912 1548 994 incipit
1602 931 1641 972 a
1688 931 1867 973 uersu
1910 913 1991 976 10
2039 910 2140 973 καὶ
2188 909 2412 973 εἶπεν.“
2501 913 2564 974 in
2623 912 2831 994 primis

772 1008 994 1071 codicis
1033 1009 1192 1072 foliis
1235 1029 1354 1071 non
1385 1029 1522 1071 raro
1559 1009 1860 1071 elementa
1885 1011 2173 1092 temporis
2214 1009 2493 1073 dentibus
2522 1011 2611 1073 ita
2650 1030 2834 1072 exesa

772 1115 930 1180 sunt,
991 1115 1060 1169 ut
1103 1108 1219 1188 legi
1262 1107 1522 1189 amplius
1562 1127 1681 1169 non
1725 1108 1996 1188 possint·
2068 1109 2228 1171 idem
2282 1108 2465 1170 etiam
2518 1110 2581 1170 in
2635 1110 2831 1172 medio

778 1205 981 1267 codice
1021 1205 1322 1268 interdum
1367 1205 1601 1268 accidit.
1666 1225 1981 1288 coeperam
2017 1208 2169 1269 haec
2209 1207 2409 1268 omnia
2448 1217 2678 1282 notare,
2725 1210 2831 1270 sed
2868 1247 2871 1250 ·

771 1323 904 1365 cum
956 1302 1365 1383 intellegerem
1423 1324 1604 1384 quam
1659 1304 1937 1386 exiguam
1977 1305 2271 1367 iacturam
2320 1305 2575 1367 lectores
2630 1316 2834 1367 essent

773 1402 1007 1475 facturi,
1067 1402 1120 1463 si
1163 1403 1314 1464 haec
1357 1403 1420 1464 in
1461 1404 1901 1470 commentario
1936 1424 2067 1466 meo
2120 1424 2239 1466 non
2280 1404 2619 1478 inuenirent
2660 1402 2832 1484 (nam

768 1500 830 1560 in
899 1498 1044 1566 θεὸς
1108 1497 1313 1580 κύριος
1363 1496 1615 1581 Ἰσραὴλ
1678 1510 1741 1563 et
1797 1523 1950 1582 quae
2005 1503 2303 1564 uocabula
2348 1502 2561 1564 horum
2614 1502 2835 1564 similia

781 1607 938 1673 sunt,
999 1597 1238 1661 literam
1297 1619 1476 1660 unam
1530 1599 1880 1675 desiderari,
1940 1601 2001 1662 id
2064 1600 2217 1662 scire
2274 1599 2495 1663 nullius
2540 1584 2833 1662 interesse

780 1697 1071 1780 poterat),
1119 1706 1186 1759 ut
1229 1697 1523 1760 sumtibus
1567 1717 1607 1758 a
1646 1719 1742 1760 me
1783 1699 1917 1780 ipso
1958 1699 2217 1760 ferendis
2260 1689 2589 1779 parcerem,
2632 1699 2835 1760 omnia

771 1796 987 1856 iterum
1015 1795 1226 1858 deleui.
1305 1797 1456 1857 haec
1496 1795 1677 1877 igitur
1702 1798 1865 1876 apud
1894 1797 2199 1858 Baberum
2234 1807 2541 1876 quaerent,
2582 1816 2833 1876 quorum

709 1921 714 1926 ·
773 1913 951 1954 nosse
993 1895 1193 1967 refert,
1247 1902 1310 1955 et
1348 1894 1573 1975 gratias
1616 1903 1812 1974 agent,
1872 1895 1933 1956 ni
1971 1895 2167 1967 fallor,
2226 1897 2385 1974 quod
2431 1895 2834 1957 calumniandi

773 1992 1092 2054 materiam
1142 1992 1228 2054 eis
1272 1991 1428 2053 ultro
1473 1990 1810 2071 optulerim.
1900 1992 2126 2053 saeculi
2172 1992 2379 2072 quinti.

642 2091 700 2150 D
774 2089 1152 2150 cottonianus
1197 2089 1390 2150 musei
1431 2088 1768 2150 britannici.
1875 2089 2061 2150 edidit
2106 2089 2555 2152 CTischendorf
2592 2090 2653 2151 in
2698 2110 2831 2152 mo-

770 2186 1072 2248 numentis
1129 2187 1316 2248 sacris
1373 2187 1635 2260 ineditis,
1706 2206 1898 2249 nouae
1956 2187 2343 2250 conlectionis
2406 2188 2705 2250 uolumine
2746 2189 2829 2262 II,

775 2283 957 2348 1857.
1048 2286 1121 2346 de
1171 2285 1324 2347 libro
1367 2286 1710 2348 Richardus
1756 2286 1943 2347 Jones
1989 2287 2507 2365 apud-Hearicum
2541 2285 2727 2348 Owen
2770 2286 2833 2347 in

771 2383 1144 2465 praefatione
1206 2384 1529 2447 conlationi
1601 2384 1924 2465 grabianae
1986 2384 2150 2448 1778
2211 2386 2575 2466 praemissa:
2646 2385 2835 2460 „liber

775 2478 1085 2545 Geneseos
1125 2484 1572 2564 pulcherrimis
1610 2484 1811 2564 figuris
1868 2483 2243 2548 illuminatus
2297 2493 2359 2546 et
2402 2484 2833 2564 antiquissimis

770 2581 962 2643 literis
1006 2580 1368 2661 capitalibus
1427 2590 1568 2643 ante
1609 2582 2060 2661 quatuordecim
2106 2592 2214 2643 aut
2269 2582 2503 2644 circiter
2547 2591 2830 2643 centenos

777 2698 1067 2740 annorum
1129 2688 1445 2741 exaratus:
1512 2700 1691 2759 quem
1734 2681 1808 2741 de
1851 2680 2152 2760 Philippis
2181 2674 2257 2740 'in
2301 2678 2587 2759 Angliam
2630 2700 2832 2741 secum

767 2778 1038 2838 tulerunt
1081 2778 1196 2838 duo
1229 2777 1600 2840 Graecorum
1646 2777 1915 2859 episcopi
1960 2777 2329 2858 temporibus
2370 2776 2617 2838 Henrici
2654 2778 2832 2851 VIII,

774 2874 830 2935 ei
876 2876 1033 2936 dono
1074 2874 1388 2936 offerentes
1436 2886 1498 2937 et
1542 2876 1927 2957 perhibentes
1969 2895 2045 2936 ex
2084 2876 2333 2955 antiqua
2376 2875 2697 2936 traditione
2734 2894 2835 2935 re-

770 2981 1010 3054 ceptum
1051 2974 1206 3051 quod
1247 2973 1389 3035 olim
1416 2976 1722 3037 dominum
1766 2983 2119 3053 agnosceret
2155 2974 2196 3034 b
2231 2971 2553 3053 Originem.
2624 2972 2837 3034 Eliza⁴

769 3071 958 3131 betha
999 3070 1206 3150 regina
1249 3118 1300 3133 ..
1323 3118 1336 3133 .
1385 3092 1520 3134 eum
1549 3072 1613 3133 in
1650 3071 2053 3134 bibliothecae
2093 3071 2292 3153 regiae
2322 3071 2581 3133 archiuis
2621 3091 2832 3153 reper-

729 3177 898 3229 -tum
956 3168 1122 3230 dedit
1174 3167 1580 3232 illustrissimo
1641 3168 1826 3249 equiti
1885 3169 2139 3230 Iohanni
2198 3170 2543 3244 Fortescue‚
2606 3190 2713 3231 suo
2771 3170 2831 3231 in

775 3267 1004 3347 graecis
1042 3267 1430 3347 praelectori:
1475 3267 1576 3347 qui
1600 3270 1827 3341 eodem,
1876 3267 2191 3329 consulens
2225 3268 2589 3348 posteritati,
2626 3268 2836 3330 beauit

775 3365 1122 3427 thesaurum
1182 3367 1649 3429 cottonianum“.
1733 3365 1931 3446 pergit
1974 3363 2263 3427 Owenus:
2328 3366 2833 3451 „pretiosissimus

772 3463 872 3525 hic
911 3464 1100 3524 codex
1147 3466 1381 3527 funesto
1441 3466 1687 3526 tandem
1724 3463 2019 3537 incendio,
2078 3482 2193 3542 quo
2230 3463 2597 3527 bibliotheca
2636 3474 2833 3528 cotto-

765 3562 948 3623 niana
987 3580 1143 3623 anno
1202 3561 1356 3625 1731
1408 3570 1685 3643 correpta
1732 3561 1862 3635 fuit,
1932 3570 2176 3641 praeter
2230 3562 2483 3625 schedas
2542 3564 2833 3643 quasdam

731 3658 1018 3719 -flammis
1083 3660 1300 3721 misere
1361 3660 1607 3721 uitiatas
1837 3678 2083 3740 prorsus
2140 3660 2426 3723 interiit“.
2512 3669 2835 3739 supersunt

769 3755 1308 3830 (Tischendorfium
1344 3759 1502 3820 XHI
1545 3758 1793 3839 sequor)
1822 3759 1877 3831 1.,
1908 3759 1985 3822 14
2021 3757 2267 3821 16-19
2296 3758 2547 3821 26-—28
2584 3757 2643 3832 3,
2670 3759 2831 3821 1-5

766 3855 826 3928 4,
885 3855 913 3916 1
968 3854 1007 3917 2
1048 3853 1239 3924 4—5
1287 3854 1364 3918 18
1401 3844 1677 3919 25—'26
1748 3857 1808 3929 5,
1852 3854 2026 3919 1--3
2072 3854 2247 3918 6-8
2295 3856 2835 3919 9—-1018--24

769 3953 827 4027 6,
877 3953 1143 4015 11———15
1207 3953 1266 4027 7,
1316 3953 1501 4015 1-5
1549 3953 1829 4016 11--16
1872 3954 2163 4028 8,1--6
2209 3953 2396 4017 8—9
2450 3952 2510 4027 9,
2558 3953 2833 4018 15--23

771 4051 869 4125 11,
921 4051 1110 4115 4—7
1191 4050 1459 4113 12--13
1530 4052 1812 4114 15-17
1882 4051 2155 4117 29—32
2221 4051 2317 4126 12,
2367 4050 2558 4115 1-8
2609 4053 2694 4116 10
2751 4053 2825 4116 11

771 4146 870 4223 13,
919 4147 1190 4213 12—18
1251 4150 1349 4224 14,
1393 4149 1581 4213 1—3
1642 4151 1926 4214 17-20
1980 4150 2264 4215 22—24
2320 4151 2417 4225 15,
2467 4148 2745 4225 13-16,
2794 4150 2833 4213 5
2964 4198 2975 4209 .

770 4246 870 4321 16,
918 4247 1219 4321 16-17,
1271 4248 1350 4310 10
1417 4248 1517 4323 18,
1584 4246 1821 4311 3--13
1872 4247 2153 4313 24—30
2203 4247 2285 4311 32
2344 4246 2426 4311 33
2500 4248 2599 4322 19,
2646 4247 2835 4313 1—-4

771 4344 1019 4409 12—26
1065 4344 1316 4410 30—33
1353 4343 1502 4429 [36]
1533 4343 1612 4407 37
1643 4343 1723 4407 38
1792 4346 1892 4420 2ο,
1944 4346 2107 4409 1—4
2184 4346 2286 4420 21,
2328 4346 2538 4409 4—19
2580 4343 2830 4409 23—26

771 4442 871 4517 22,
914 4442 1124 4506 2--18
1166 4443 1449 4520 22--23,
1499 4444 1578 4507 10
1631 4437 1879 4504 13—15
1928 4443 2179 4508 17-20
2222 4444 2325 4519 24,
2376 4444 2534 4507 1-7
2582 4442 2831 4507 32-—39
