3169 4941
515 405 619 461 184
1452 406 1680 465 Genesis
1715 409 1806 465 44.

515 568 787 653 πρᾶγμα
832 571 1023 633 τοῦτο
1062 560 1459 655 ἐποιήσατε,·
1520 559 1637 635 οὖκ
1679 563 1901 635 οἴδατε
1943 564 2052 635 ὅτι
2093 564 2424 657 οἶωνισμῷ
2465 565 2742 635 οἰωνιεῖ-
2778 588 2805 633 1

515 693 629 736 ται
669 666 706 737 ὃ
744 664 1103 758 ἅνθρωπος
1157 659 1301 750 οἷος
1345 666 1471 757 ἐγώ
1482 700 1499 752 ;
1577 665 1799 739 melae
1839 671 1913 740 δὲ
1950 667 2187 751 Ἰούδας
2238 669 2324 738 Τί
2369 664 2744 761 ἆντεροῢμεν

422 798 429 805 ·
515 775 611 862 τῷ
646 769 843 862 κυρίῳ
886 768 927 861 ἢ
962 770 1033 839 τί
1073 772 1431 863 λαλήσομεν
1473 770 1513 865 ἢ
1556 773 1626 843 τί
1667 777 2172 861 δικαιωθῶμενς
2215 772 2253 843 ὁ
2298 775 2464 856 θεὸς
2491 774 2565 843 δὲ
2605 768 2744 864 εὗρε

515 875 631 966 τὴν
670 868 930 943 ἀδικίαν
972 880 1099 943 τῶν
1131 875 1391 945 παίδων
1437 876 1587 947 σου·
1662 874 1808 947 ἰδού
1865 877 2057 965 ἐσμεν
2116 876 2364 947 οἰκέται
2408 885 2504 967 τῷ
2547 874 2746 967 κυρίῳ

516 976 695 1069 ἡμῶν
708 1032 726 1063 ,
801 979 913 1047 καὶ
970 977 1153 1069 ἡμεῖς
1212 982 1327 1049 καὶ
1384 985 1543 1072 παρ’
1584 974 1639 1071 ᾦ
1682 979 1918 1071 εὑρέθη
1978 982 2054 1049 τὸ
2097 978 2308 1051 κόνδυ.
2405 986 2465 1024 ¹⁷
2479 976 2630 1049 εἶπε
2671 980 2747 1049 δὲ
2779 1005 2810 1051 5

513 1077 749 1174 Ἰωσὴφ
776 1080 895 1174 Μή
938 1109 1055 1170 μοι
1096 1086 1349 1173 γένοιτο
1389 1093 1671 1177 ποιῆσαι
1711 1087 1790 1154 τὸ
1835 1089 2008 1177 ῥῆμα
2035 1090 2230 1153 τοῦτο
2249 1112 2266 1129 ·
2309 1083 2346 1154 6
2388 1082 2747 1175 ἄνθρωπος

517 1192 675 1278 παρ’
721 1180 775 1277 ᾧ
816 1184 1057 1277 εὑρέθη
1104 1190 1182 1257 τὸ
1230 1185 1449 1275 κόνδυ,
1526 1190 1722 1271 αὐτὸς
1771 1187 1956 1259 ἔσται
1999 1215 2126 1276 μου
2177 1194 2343 1269 παῖς
2361 1212 2377 1228 ·
2447 1187 2629 1274 ὑμεῖς
2673 1189 2748 1257 δὲ

518 1283 793 1381 ἀνάβητε
846 1292 1011 1377 μετὰ
1054 1290 1377 1382 σωτηρίας
1428 1294 1600 1383 πρὸς
1656 1294 1770 1363 τὸν
1811 1293 2068 1383 πατέρα
2109 1291 2302 1378 ὑμῶν.
2400 1298 2459 1337 ¹⁸
2489 1290 2750 1380 ἐγγίσας

521 1393 595 1464 δὲ
638 1388 816 1483 αύτῷ
852 1387 1093 1477 Ἰούδας
1136 1390 1287 1465 εἷπε
1324 1397 1587 1484 Δέομαι
1601 1451 1618 1482 ,
1674 1398 1844 1488 κύριε
1861 1422 1878 1437 ·
1945 1393 2286 1488 λαλησάτω
2339 1395 2378 1465 ὃ
2419 1401 2587 1476 παῖς
2629 1418 2749 1463 σου

520 1504 693 1589 ῥῆμα
736 1495 1025 1567 ἐναντίον
1076 1522 1225 1585 σου,
1271 1502 1385 1569 καὶ
1422 1502 1511 1592 μὴ
1554 1508 1882 1591 θυμωθῇς
1923 1509 2016 1591 τῷ
2061 1499 2260 1568 παιδί
2303 1522 2420 1569 σου
2437 1554 2454 1584 ,
2519 1498 2623 1568 ὅτι
2663 1499 2744 1566 σύ
2787 1518 2856 1563 ιο

520 1595 581 1669 εἶ
642 1602 807 1687 μετὰ
870 1598 1139 1728 ΦΙαραώ,
1241 1609 1299 1648 ¹⁹
1328 1604 1515 1733 κύριε.
1582 1606 1660 1672 σύ
1726 1598 2063 1695 ἠρώτησας
2116 1604 2270 1683 τοὺς
2321 1600 2571 1683 παῖδάς
2629 1625 2746 1671 σου

517 1704 721 1792 λέγων
766 1703 851 1773 Εἰ
892 1703 1066 1789 ἔχετε
1109 1705 1431 1797 πατέρα’
1406 1705 1449 1799 ἠ
1488 1705 1804 1797 ἅδελφόν,·
1858 1708 2040 1775 ἳθκαὶ
2085 1704 2368 1793 είπαμεν
2409 1714 2504 1797 τῷ
2549 1704 2748 1794 κυρίῳ

497 1805 728 1877 ’Έστιν
774 1807 929 1898 ἡμῖν
974 1812 1194 1901 πατὴρ
1239 1807 1679 1934 πρεσβύτερος
1695 1864 1711 1895 ,
1769 1811 1882 1879 καὶ
1922 1808 2195 1901 παιδίον
2239 1808 2466 1937 γήραος
2507 1807 2748 1878 νεώτε-

520 1938 633 2002 ρον
673 1905 851 2002 αύτῷ
868 1966 886 1997 ,
948 1940 1059 1981 και
1096 1911 1134 1981 ὃ
1180 1908 1466 2004 αδελφὸς
1511 1908 1710 1983 αὐτοῦ
1757 1893 2096 1982 απέθανεν
2113 1967 2129 1998 ,
2201 1908 2398 1995 αύτὸς
2439 1915 2514 1983 δὲ
2554 1914 2750 1999 μόνος

520 2012 903 2105 ὖπελείφθη
952 2024 1031 2106 τῇ
1085 2042 1281 2107 μητρι
1337 2016 1562 2101 αὐτοῦ,
1639 2014 1676 2086 6
1741 2018 1813 2085 δὲ
1867 2018 2084 2108 πατὴρ
2145 2011 2341 2086 αὐτὸν
2393 2012 2751 2109 ἠγάπησεν.
2791 2037 2856 2084 15

532 2124 592 2163 ²²
605 2113 802 2199 εἶπας
838 2119 912 2187 δὲ
953 2125 1095 2201 τοῖς
1138 2119 1340 2188 παισί
1381 2145 1499 2189 σου
1546 2116 1966 2208 Καταγάγετε
2009 2114 2204 2189 αὐτὸν
2241 2122 2412 2210 πρὸς
2450 2120 2537 2207 μέ
2551 2176 2568 2206 ,
2637 2122 2753 2187 καὶ

523 2222 955 2309 ἐπιμελοῧμαι
1000 2221 1209 2294 αὐτοῦ.
1310 2225 1495 2293 ²²³va
1552 2221 1832 2311 εἴπαμεν
1881 2230 1975 2315 τῷ
2019 2224 2221 2314 κυρίῳ
2273 2220 2366 2293 Ού
2409 2226 2754 2315 δυνήσεται

522 2327 600 2396 τὸ
640 2324 911 2395 παιδίον
958 2330 1346 2396 καταλιπεῖν
1384 2329 1498 2397 τὸν
1544 2327 1800 2419 πατέρα
1847 2330 2042 2398 αὐτοῦ
2063 2354 2076 2368 ·
2139 2328 2256 2397 ἐὰν
2303 2329 2378 2397 δὲ
2421 2327 2752 2418 καταλίπῃ

524 2430 638 2502 τὸν
690 2430 995 2522 πατέρα,·
1042 2424 1509 2503 ἀποθανεῖται.
1608 2436 1666 2478 2³
1695 2426 1773 2501 σὺ
1821 2433 1896 2502 δὲ
1943 2426 2142 2514 εἶπας
2195 2438 2338 2514 τοῖς
2379 2431 2584 2502 παισί
2630 2455 2754 2502 σου

667 2701 698 2754 1
736 2701 863 2770 post
898 2719 1065 2755 τουτο
1101 2704 1167 2770 -Ι-
1210 2722 1241 2756 ο
1278 2704 1329 2757 D
1357 2702 1473 2773 [Gn]
1500 2719 1527 2754 z
1576 2702 1586 2770 Ι
1643 2701 1729 2772 112
1769 2719 2043 2755 οιωνιειτε
2079 2700 2154 2764 Α,
2191 2703 2496 2763 οιωνιζεται
2530 2701 2756 2755 Damtz.

526 2786 670 2852 „AA
691 2787 783 2840 LL
820 2799 1105 2860 οιωνισμῳ
1144 2790 1481 2850 οιωνιζεται.
1538 2788 1690 2842 schol
1742 2807 1803 2841 το
1843 2803 2246 2861 σαμαρειτικον
2283 2791 2398 2838 Και
2433 2805 2595 2845 αυτος
2629 2803 2755 2840 πει-

526 2891 726 2947 ρασμῳ
763 2875 1011 2947 πειραζει
1050 2891 1111 2928 εν
1145 2893 1313 2943 amq».
1374 2873 1523 2929 aliud
1568 2873 1719 2928 schol
1771 2892 1866 2926 και
1914 2892 2024 2947 γαρ
2074 2889 2274 2942 εγνωτε
2325 2890 2412 2925 οτι
2461 2889 2755 2944 πειρασμῳ

524 2961 851 3034 πειραζεται
892 2979 1094 3030 ομοιος
1130 2963 1313 3032 εμοι“
1342 2959 1377 3013 b
1443 2961 1452 3027 Ι
1518 2959 1553 3013 2
1591 2981 1620 3013 ο
1659 2970 1727 3020 >
1769 2958 1901 3012 Amt
1965 2959 1974 3028 Ι
2040 2960 2075 3014 2
2111 2977 2194 3017 οις
2227 2975 2336 3026 εγω
2375 2975 2404 3010 z
2451 2958 2458 3027 Ι
2525 2957 2558 3010 2
2597 2975 2757 3012 ειπεν

524 3046 771 3102 AFt¹x1
800 3049 811 3112 Ι
842 3046 876 3098 3
910 3049 1235 3117 λαλησωμεν
1267 3045 1366 3100 AD
1396 3045 1517 3115 [aaz
1553 3049 1801 3116 superest
1837 3047 2006 3116 ωμεν]
2044 3044 2252 3098 Fotx¹z
2284 3044 2292 3113 Ι
2323 3045 2358 3099 3
2394 3050 2524 3104 θεος
2563 3044 2647 3113 δε]
2691 3045 2758 3098 δε

527 3130 1234 3202 θεοςΔ1)[ᾶΒ]14“οιη1;ΧτΙΒ
1260 3149 1415 3205 ευρεν
1436 3132 1614 3187 ADFc
1641 3133 1773 3202 [non
1796 3132 1846 3202 t]
1873 3137 1940 3184 11
1969 3131 1979 3202 Ι
2009 3132 2046 3186 4
2070 3133 2218 3199 ιδου]
2246 3151 2314 3184 ου
2335 3148 2364 3182 z
2395 3132 2404 3199 Ι
2435 3133 2472 3186 4
2494 3131 2671 3184 οἰκέτε
2691 3132 2718 3183 t
2744 3130 2754 3201 Ι

526 3220 563 3276 5
600 3219 635 3271 ’ἵν
670 3217 820 3272 uocis
854 3236 1012 3290 ημων
1045 3218 1105 3272 in
1138 3233 1329 3273 rasura
1363 3218 1412 3272 A
1480 3219 1489 3288 Ι
1554 3220 1592 3274 5
1627 3225 1834 3294 ηυρεθη
1870 3219 1920 3272 D
1953 3217 2068 3288 [GR]
2136 3220 2144 3286 Ι
2198 3217 2234 3272 5
2271 3234 2429 3271 ειπεν
2465 3215 2700 3270 AFt1x1
2747 3217 2756 3287 Ι

530 3306 561 3358 7
599 3304 735 3377 μου]
772 3323 875 3374 μοι
910 3320 942 3358 z
983 3306 992 3373 Ι
1036 3305 1067 3358 7
1102 3321 1263 3377 ημεις
1297 3320 1332 3358 a
1378 3305 1389 3373 Ι
1432 3305 1468 3359 8
1506 3312 1832 3373 αναβαινετε
1864 3321 1898 3357 x
1929 3307 1938 3370 Ι
1969 3304 2003 3358 8
2037 3321 2196 3375 ημων
2233 3302 2336 3357 z1‘?
2379 3303 2388 3370 Ι
2437 3302 2472 3355 8
2505 3303 2759 3373 εγγισας]

532 3403 762 3449 επιστας
796 3407 825 3442 z
879 3393 889 3456 Ι
942 3390 977 3442 9
1014 3410 1160 3461 αυτῳ
1195 3394 1263 3451 >”
1298 3393 1363 3461 tl
1408 3392 1443 3445 9
1480 3409 1640 3446 ειπεν
1672 3391 1942 3446 AFet1x1
1983 3393 1994 3456 Ι
2045 3392 2114 3446 10
2153 3408 2304 3461 ρημα
2342 3396 2410 3448 >
2445 3403 2482 3442 a
2519 3389 2650 3458 [non
2685 3389 2760 3458 x],

528 3495 749 3551 ρηματα
785 3476 835 3530 D
864 3475 979 3546 [GR]
1006 3492 1035 3530 ο
1077 3477 1086 3545 Ι
1135 3477 1203 3532 10
1237 3483 1530 3551 θυμωθεις
1572 3497 1600 3531 z
1640 3479 1648 3548 Ι
1707 3478 1772 3531 10
1808 3495 1902 3530 οτε
1938 3478 2020 3530 mt
2069 3476 2076 3545 Ι
2128 3477 2192 3531 11
2232 3474 2306 3544 ει]
2341 3493 2404 3541 ης
2437 3491 2521 3538 m,
2563 3473 2648 3541 ἦις
2680 3476 2710 3526 t
2747 3475 2755 3544 Ι

531 3564 597 3618 11
616 3579 769 3634 κυριε
788 3571 905 3623 >x
934 3565 941 3629 Ι
971 3565 1039 3618 11
1058 3578 1333 3637 ερωτησας
1354 3581 1409 3618 m
1427 3563 1434 3635 Ι
1454 3567 1520 3620 11
1542 3579 1646 3617 σου
1671 3572 1740 3622 >
1763 3563 1834 3628 A,
1873 3562 2049 3631 prima
2073 3577 2235 3615 manu
2257 3559 2452 3615 lacuna
2479 3559 2720 3614 indicam
2749 3560 2757 3631 Ι

534 3647 601 3702 12
625 3665 808 3717 εχει-αι
842 3651 870 3702 t
912 3650 920 3718 Ι
967 3649 1035 3702 12
1071 3668 1307 3723 ειπομεν
1340 3668 1399 3716 x,
1440 3653 1690 3723 ειπὶυμεν
1723 3667 1754 3704 z
1801 3651 1809 3719 Ι
1854 3649 1921 3703 12
1956 3668 2031 3717 τῳ
2065 3667 2233 3721 κυριῳ
2269 3657 2338 3706 >
2373 3662 2428 3701 m
2473 3650 2482 3712 Ι
2531 3646 2597 3699 12
2633 3649 2764 3715 post

530 3741 701 3808 κυριῳ
726 3736 791 3802 -Ι-
814 3754 901 3788 οτι
936 3751 996 3800 a,
1037 3739 1103 3802 -Ι-
1138 3756 1299 3812 υμων
1330 3737 1455 3808 [sic]
1482 3755 1510 3790 z
1542 3739 1551 3806 Ι
1583 3738 1652 3792 13
1690 3751 1806 3790 εστι
1841 3753 2019 3810 πατηρ
2054 3752 2190 3806 ημιν
2225 3751 2281 3787 m
2311 3737 2320 3799 Ι
2352 3733 2421 3787 13
2455 3734 2762 3813 παιδαριον

532 3839 713 3896 γηρως
753 3821 803 3876 D
824 3821 939 3892 [GR]
958 3865 971 3886 ‚
1032 3823 1269 3876 παιδιον
1306 3843 1488 3898 γηρως
1522 3824 1627 3887 FX,
1688 3823 1926 3876 παιδιον
1965 3839 2025 3874 εκ
2061 3839 2243 3893 γηρως
2277 3835 2376 3888 ay,
2429 3818 2664 3873 παιδιον
2700 3837 2762 3874 εκ

532 3926 739 3981 γηρους
774 3925 803 3961 z
860 3909 869 3978 Ι
927 3909 1084 3974 13114
1120 3927 1389 3984 νεωτερον
1423 3928 1606 3983 γηρως
1637 3908 1686 3962 A
1734 3911 1744 3974 Ι
1799 3908 1956 3976 14115
1993 3910 2308 3978 υπελειφθη
2349 3906 2412 3960 δε
2451 3924 2619 3965 αυτ-ος
2649 3926 2762 3976 μο-

534 4013 627 4054 νος
662 4009 697 4046 1
726 3994 735 4063 Ι
769 3993 835 4048 15
870 3997 1171 4066 υπεληφθη
1207 3998 1291 4049 mt
1318 3995 1429 4064 1⁴15
1463 4015 1528 4068 τῃ
1564 3994 1760 4069 μητρι]
1796 4014 1871 4048 τω
1906 4011 2076 4068 πατρι
2111 3994 2188 4046 Az
2219 3995 2230 4059 Ι
2262 3992 2330 4048 15
2364 4009 2545 4062 πατηρ
2587 4011 2762 4046 αυτ-ου

534 4096 825 4150 ηγαπησεν
858 4100 1031 4136 αυτον
1066 4098 1099 4135 x
1128 4084 1139 4148 Ι
1171 4082 1237 4136 16
1276 4098 1477 4135 παισιν
1510 4081 1640 4136 AFx
1662 4087 1683 4117 ¹
1713 4083 1722 4149 Ι
1765 4081 1830 4138 16
1863 4083 1990 4150 post
2026 4094 2133 4134 σου
2173 4081 2238 4146 -Ι-
2285 4098 2372 4132 οτι
2409 4077 2457 4131 A
2487 4080 2498 4142 Ι
2531 4077 2596 4133 17
2635 4080 2764 4132 ante

536 4187 603 4220 ov
638 4169 705 4235 -Ι-
746 4188 861 4239 μου
898 4184 927 4220 c
989 4170 1000 4233 Ι
1066 4168 1133 4222 18
1167 4169 1475 4243 παιδαριον
1507 4170 1557 4224 D
1581 4169 1697 4239 [GR]
1731 4171 1820 4222 txz
1885 4172 1894 4232 Ι
1959 4167 2025 4223 18
2063 4169 2418 4220 καταλειπειν
2453 4165 2503 4219 D
2543 4165 2656 4233 [Gn]
2692 4179 2726 4216 x
2747 4170 2766 4201 1

538 4254 682 4323 [sero
718 4253 776 4307 in
809 4252 913 4308 hoe
950 4255 1266 4324 correctum]
1298 4257 1309 4321 Ι
1339 4255 1408 4312 18
1443 4275 1615 4309 αυτου
1638 4254 1822 4316 >AD
1858 4254 1974 4324 [GR]
1998 4253 2192 4307 Famtx
2225 4252 2231 4320 Ι
2265 4251 2332 4305 18
2361 4251 2440 4304 fin
2459 4252 2762 4316 καταλειπη

536 4338 635 4392 AD
662 4339 779 4408 [en]
804 4341 883 4393 Fx
902 4345 921 4376 ¹
958 4340 1101 4408 [sero
1138 4341 1454 4411 correctum]
1473 4381 1489 4405 ,
1537 4334 1857 4395 x'amlsma
1893 4357 1920 4392 z
1975 4341 1984 4407 Ι
2040 4338 2108 4393 19
2145 4340 2274 4408 post
2305 4355 2520 4411 πατερα
2557 4338 2622 4403 -Ι-
2661 4355 2765 4388 αυ-

539 4443 639 4476 του
672 4439 707 4476 x
736 4427 748 4490 Ι
780 4424 845 4478 19
884 4431 1222 4480 αποθανειτε
1257 4425 1306 4479 A
1336 4425 1346 4496 Ι
1378 4426 1445 4480 19
1481 4442 1684 4481 παισιν
1717 4426 1880 4482 AF1¹
1911 4427 1920 4495 Ι
1952 4427 2022 4482 19
2056 4427 2184 4495 post
2217 4439 2320 4478 σου
2359 4424 2425 4491 -Ι-
2467 4442 2556 4476 οτι
2589 4438 2626 4476 a
