3169 4941
544 421 612 475 '72
1419 418 1647 476 Genesis
1686 420 1769 475 19.
1806 420 1896 477 20.

541 579 724 671 ἡμῶν
775 578 1058 669 σπέρμα.
1142 583 1204 623 ³⁵
1219 578 1537 648 ἒπότισαν
1600 579 1674 648 δὲ
1728 580 1843 648 καὶ
1900 579 1969 647 ἒν
2028 587 2108 671 τῇ
2160 579 2339 647 νυκτὶ
2394 577 2606 670 ἐκείνῃ
2656 581 2768 650 τὸν
2841 604 2868 649 1

541 684 798 775 πατέρα
858 676 1066 752 αὐτῶν
1115 678 1290 753 οἶνον
1306 738 1323 768 ,
1392 684 1505 752 καὶ
1562 682 1955 753 εἰσελθοῦσα
2017 683 2055 775 ἡ
2104 685 2384 773 νεωτέρα
2424 683 2767 775 ἐκοιμήθη

541 789 706 875 μετὰ
751 792 865 857 τοῦ
903 788 1155 877 πατρὸς
1197 780 1421 876 αὐτῆς·
1475 788 1587 855 καὶ
1632 786 1747 856 οὐκ
1792 786 1934 880 ῄδει
1978 788 2047 855 έν
2091 792 2185 877 τῷ
2224 794 2627 891 κοιμηθῆναι
2656 781 2769 856 αὖ-

541 895 654 962 τὸν
689 892 802 960 καὶ
841 884 1212 983 ἀναστῆναι.
1278 891 1465 959 θθκαὶ
1511 892 1857 979 συνέλαβον
1914 918 1985 959 αι
2034 888 2152 961 δύο
2195 890 2549 981 θυγατέρες
2596 892 2769 959 Λώτ

541 995 616 1064 ἐκ
658 1001 772 1063 τοῦ
816 995 1068 1085 πατρὸς
1111 989 1345 1063 αὐτῶν.
1413 996 1599 1063 Ξ*Ἶκαὶ
1642 995 1847 1065 ἔτεκεν
1890 994 1929 1086 ἡ
1973 994 2381 1085 πρεσβυτέρα
2424 992 2566 1063 υιόν
2578 1048 2595 1080 ,
2656 994 2769 1062 καὶ
2803 1020 2834 1067 5

542 1099 805 1167 ἐκάλεσε
843 1099 923 1167 τὸ
962 1096 1170 1186 ὄνομα
1211 1096 1404 1167 αὐτοῦ
1447 1100 1674 1187 Μωαβ
1715 1100 1988 1187 λέγουσα
2011 1097 2121 1166 Ἐκ
2160 1105 2279 1167 τοῦ
2317 1098 2569 1187 πατρός
2610 1122 2763 1184 μου·

543 1181 727 1283 οὗτος
786 1203 1001 1294 πατὴρ
1057 1208 1435 1290 Μωαβιτῶν
1491 1203 1617 1283 ἕως
1669 1211 1786 1293 τῆς
1840 1200 2115 1294 σήμερον
2172 1201 2430 1294 ἡμέρας.
2512 1201 2619 1249 ⁸⁸³
2592 1202 2768 1272 ἐτεκε

542 1309 616 1377 δὲ
658 1333 774 1375 και
812 1305 853 1397 ἡ
889 1306 1173 1396 νεωτέρα
1209 1305 1348 1375 υιόν
1365 1360 1381 1391 ,
1443 1334 1556 1375 και
1603 1306 1865 1376 ἐκάλεσε
1922 1308 1999 1377 τὸ
2042 1305 2249 1392 ’ὄνομα
2293 1305 2488 1375 αὐτοῦ
2514 1305 2769 1393 Ἅμμὰν

543 1412 818 1498 λέγουσα
872 1408 1026 1491 Υἱὸς
1080 1410 1301 1499 γένους
1338 1437 1463 1496 μου
1480 1434 1494 1449 ·
1551 1406 1741 1509 οὗτος
1786 1412 2003 1502 πατὴρ
2027 1410 2445 1497 Ἀμμανιτῶν
2491 1410 2615 1491 ἕως
2654 1416 2769 1499 τῆς

421 1526 512 1595 20
545 1511 821 1605 σήμερον
865 1512 1126 1604 ἡμέρας.
1200 1515 1353 1583 1καὶ
1395 1512 1684 1606 ἐκίνησεν
1716 1516 1974 1583 ἐκεῖθεν
1998 1513 2302 1603 ,Ἀβραὰμ
2332 1512 2427 1594 εἷς
2454 1519 2567 1605 γῆν
2598 1516 2771 1603 πρὸς
2806 1540 2871 1585 10

543 1616 700 1705 λίβα
716 1672 734 1702 ,
781 1618 893 1685 κάὶ
931 1615 1176 1708 ᾤκησεν
1215 1611 1333 1685 ἀνὰ
1373 1618 1574 1704 μέσον
1605 1618 1833 1709 Κάδης
1867 1618 1978 1686 καὶ
2016 1616 2143 1687 ἀνὰ
2178 1618 2377 1703 μέσον
2414 1614 2613 1707 Σούρ·
2656 1618 2770 1685 καὶ

544 1717 932 1812 παρῴκησεν
973 1722 1042 1790 έν
1080 1721 1407 1812 Γεράροις.
1479 1717 1669 1791 ἐἷπε
1706 1722 1784 1791 δὲ
1805 1716 2106 1813 Ἀβραὰμ
2151 1722 2309 1810 περὶ
2352 1718 2611 1811 Σάρρας
2654 1730 2771 1811 τῆς

541 1826 841 1914 γυναικὸς
899 1820 1093 1893 αἰτοῦ
1153 1824 1258 1894 ὅτι
1300 1820 1547 1915 ἀδελφή
1590 1852 1713 1911 μου
1762 1824 1964 1894 ἐστίν·
2028 1823 2333 1916 ἐφοβήθη
2390 1824 2508 1913 γὰρ
2558 1823 2772 1892 εἰπεῖν

541 1928 650 1998 ὅτι
710 1925 860 2020 γυνή
909 1954 1034 2015 μου
1095 1926 1239 1997 ἐστι’
1252 1982 1269 2014 ,
1330 1926 1589 2019 μήποτε
1648 1922 2123 1997 ἀποκτείνωσιν
2184 1922 2377 1997 αὐτὸν
2434 1924 2500 1995 οἳ
2543 1925 2773 2015 ἄνδρες

542 2038 660 2122 τῆς
701 2020 960 2113 ’πόλεως
1001 2034 1084 2100 δι’
1126 2026 1342 2122 αὗτήν.
1413 2030 1763 2100 ἀπέστειλε
1820 2034 1893 2101 δὲ
1930 2030 2271 2121 Ἀβιμέλεχ
2314 2031 2619 2118 βασιλεὺς
2654 2038 2719 2095 Γ
2710 2057 2768 2097 ε-
2804 2062 2867 2108 15

543 2134 757 2226 ρᾶρων
803 2136 917 2205 καὶ
976 2133 1171 2223 ἔλαβε
1223 2136 1336 2227 τὴν
1376 2135 1643 2225 Σάρραν.
1726 2140 1753 2179 3
1768 2137 1879 2205 καὶ
1938 2134 2242 2228 εἰσῆλθεν
2295 2134 2332 2206 ὃ
2391 2136 2555 2216 θεὸς
2598 2135 2768 2224 πρὸς

686 2446 714 2501 1
751 2464 846 2500 και
884 2453 953 2506 >
989 2460 1018 2500 o
1059 2446 1068 2515 Ι
1115 2448 1146 2502 1
1185 2463 1246 2500 εν
1281 2455 1350 2508 >
1384 2446 1534 2516 212
1571 2463 1740 2500 αυτον
1774 2445 1886 2509 El,
1921 2464 1964 2499 ω
2000 2460 2161 2514 super
2194 2460 2411 2501 uersum
2442 2446 2703 2516 scriptum
2756 2446 2765 2518 Ι

545 2534 581 2587 3
611 2535 738 2603 post
775 2551 941 2599 αυτης
974 2533 1040 2601 -Ι-
1077 2552 1175 2600 την
1209 2552 1380 2587 νυκτα
1419 2550 1634 2599 εκεινην
1667 2549 1721 2596 r,
1776 2533 1839 2596 -Ι-
1878 2551 1940 2598 τη
1976 2550 2134 2585 νυκτι
2187 2549 2367 2598 εκεινη
2400 2551 2432 2588 z
2486 2534 2493 2603 Ι
2548 2535 2583 2588 3
2622 2535 2767 2606 yda]

543 2637 686 2689 εγνω
720 2619 772 2673 D
803 2619 942 2686 [GBL
977 2619 1134 2686 ηδειν
1167 2637 1196 2672 z
1227 2620 1235 2688 Ι
1279 2621 1372 2688 314
1408 2637 1584 2685 αυτην
1622 2617 1722 2673 ΑΙ)
1751 2618 1859 2686 [GR]
1888 2618 2107 2672 Eamrtz
2160 2619 2168 2688 Ι
2222 2619 2259 2672 4
2295 2639 2354 2680 αι
2394 2621 2497 2672 δυο
2533 2626 2771 2691 θυγατε-

543 2723 631 2776 ρες
666 2707 777 2757 λωτ
813 2720 843 2757 c
875 2707 1003 2773 post
1038 2724 1218 2758 αυτων
1243 2707 1276 2760 5
1309 2707 1316 2776 Ι
1346 2707 1383 2760 4
1417 2712 1751 2780 θυγατεραις
1788 2723 1816 2758 z
1844 2703 1851 2775 Ι
1875 2707 1909 2760 6
1945 2709 2203 2758 εκαλεσεν
2237 2703 2386 2759 AErt
2416 2706 2439 2776 Ι,
2464 2708 2497 2760 6
2532 2724 2703 2760 αυτον
2740 2723 2773 2760 a

549 2789 666 2859 [sio]
702 2790 711 2859 Ι
742 2791 776 2844 6
813 2789 883 2844 ad
915 2797 1085 2862 μωαβ
1117 2807 1146 2845 1·
1169 2800 1238 2834 ¹¹²⁸
1273 2809 1332 2845 εκ
1365 2809 1572 2865 πατρος
1605 2811 1717 2862 μου
1753 2811 1785 2857 η
1824 2791 1972 2865 υδωρ
2008 2809 2251 2865 πατριον
2280 2791 2289 2861 Ι
2321 2793 2353 2845 6
2390 2793 2517 2861 post
2550 2813 2669 2861 μου
2705 2795 2771 2861 -Ι-

546 2894 704 2934 omos
741 2878 824 2929 mt
876 2877 883 2945 Ι
939 2876 1028 2943 ’118
1062 2896 1156 2930 και
1189 2897 1223 2943 η
1260 2894 1498 2948 νεωτερα
1536 2877 1601 2928 δε
1638 2894 1820 2930 ετεκεν
1856 2894 1884 2929 r
1934 2876 1942 2945 Ι
1999 2876 2030 2930 7
2080 2894 2268 2931 ετεκεν
2300 2877 2399 2932 AD
2440 2878 2708 2947 [superest
2740 2898 2776 2932 ν

544 2963 672 3017 ante
709 2963 794 3033 δε]
831 2963 968 3018 Eot1
1007 2964 1094 3030 [122
1114 2988 1185 3009 =
1207 2962 1267 3031 b]
1327 2964 1335 3033 Ι
1390 2963 1426 3016 8
1462 2981 1556 3015 και
1595 2963 1746 3032 prius
1784 2971 1853 3021 >
1890 2963 1917 3016 t
1956 2963 1965 3031 Ι
2008 2962 2043 3016 8
2075 2967 2333 3017 εκαλεσεν
2367 2963 2467 3018 AD
2510 2964 2775 3033 [superest

545 3066 608 3103 εν
641 3050 768 3103 ante
801 3050 882 3119 το]
921 3049 1024 3104 Ert
1063 3050 1144 3118 [15²
1165 3075 1236 3096 =
1257 3049 1313 3120 b]
1361 3051 1368 3120 Ι
1409 3049 1443 3104 8
1475 3068 1669 3121 αμμον
1703 3065 1755 3112 ο,
1814 3067 2027 3120 αμμων
2061 3066 2090 3102 1·
2128 3049 2241 3118 [qui
2275 3050 2334 3103 in
2368 3051 2613 3120 margine
2645 3054 2775 3110 λαος

545 3135 723 3206 ημων]
745 3173 761 3199 ,
813 3155 968 3207 αμαν
1004 3153 1032 3188 z
1081 3137 1089 3205 Ι
1151 3137 1184 3191 9
1221 3137 1460 3208 λεγουσα
1500 3143 1568 3195 >
1600 3134 1699 3189 AD
1726 3135 1842 3204 [GR]
1867 3133 2006 3190 Eacr
2052 3137 2061 3206 Ι
2116 3137 2150 3190 9
2186 3138 2313 3190 ante
2350 3157 2467 3196 υιος
2504 3137 2569 3200 -Ι-
2609 3156 2640 3190 ο
2675 3136 2724 3190 Α
2761 3136 2769 3207 Ι

546 3220 580 3275 9
617 3238 742 3273 mov
776 3219 821 3272 E
869 3221 876 3290 Ι
926 3222 959 3276 9
995 3224 1122 3290 post
1153 3242 1278 3282 υιος
1315 3225 1375 3287 -Ι-
1414 3241 1514 3274 του
1547 3221 1865 3276 ADEamrizz
1896 3223 1903 3290 Ι
1934 3221 1968 3274 9
2005 3239 2170 3290 γενου
2207 3239 2236 3276 1·
2280 3222 2287 3290 Ι
2330 3223 2365 3276 9
2402 3224 2529 3291 post
2559 3243 2671 3292 μου
2706 3224 2793 3290 -Ι-γ

544 3309 796 3375 λεγουσα
819 3323 854 3362 a
883 3307 891 3375 Ι
922 3307 956 3360 9
991 3326 1317 3379 αμμονιτων
1351 3323 1381 3362 o
1417 3307 1707 3378 [Drz=b]
1723 3348 1738 3361 .
1776 3309 1835 3362 in
1868 3307 2247 3362 commentario
2282 3324 2311 3362 1·
2351 3312 2419 3363 Oe,
2457 3326 2772 3382 αμμανιται

545 3410 646 3445 καο
677 3413 836 3446 αυτοι
870 3412 962 3460 της
1007 3400 1238 3467 αραβιας
1286 3410 1597 3468 εκρατησαν
1642 3414 1713 3447 τα
1758 3412 1899 3467 μερη
1939 3395 2317 3466 φιλαδελφιας
2336 3433 2349 3446 .
2396 3414 2513 3461 ητις
2567 3413 2774 3467 αμμων

545 3481 794 3533 καλειται
826 3498 980 3552 παρα
1012 3497 1122 3533 των
1159 3496 1472 3552 επιχωριων
1503 3480 1510 3548 Ι
1545 3481 1613 3536 10
1640 3496 1919 3546 εκεινησεν
1940 3480 2033 3534 ΑΕ
2066 3481 2073 3550 Ι
2108 3483 2197 3549 1οζ
2212 3488 2441 3551 αβρααμ
2467 3487 2734 3535 εκειθενο
2762 3482 2771 3551 Ι

548 3565 615 3620 10
653 3583 731 3624 εις
763 3584 873 3635 γην
908 3574 977 3624 >
1012 3581 1070 3629 ο,
1107 3583 1184 3624 εις
1215 3585 1315 3634 την
1349 3583 1378 3620 1·
1426 3567 1433 3635 Ι
1485 3567 1553 3622 10
1589 3586 1728 3640 προς
1761 3567 2075 3632 Aabomxtz,
2114 3585 2212 3627 εως
2238 3567 2284 3620 Ε
2333 3568 2341 3637 Ι
2392 3568 2458 3622 11
2496 3572 2660 3637 λιβαν
2694 3585 2723 3620 z
2764 3567 2771 3637 Ι

543 3652 614 3705 11
651 3651 723 3704 ad
756 3651 930 3716 καὸης
965 3668 994 3705 1·
1016 3661 1084 3695 ¹²³⁸
1115 3671 1312 3722 αγιον,
1363 3653 1434 3707 ad
1469 3669 1610 3728 σουρ
1645 3653 1789 3708 idem
1833 3672 2015 3724 τειχος
2059 3673 2090 3718 η
2132 3659 2413 3722 ευθυσμος
2468 3653 2475 3722 Ι
2532 3656 2598 3709 11
2636 3655 2775 3707 καδ-

551 3737 648 3802 δης
680 3753 710 3790 z
741 3737 749 3805 Ι
785 3735 852 3791 12
886 3755 1148 3811 γαραροιε
1183 3755 1212 3790 z
1257 3738 1266 3807 Ι
1316 3739 1382 3794 12
1417 3742 1542 3809 post
1573 3759 1831 3813 γεραροις
1864 3757 1893 3794 1·
1928 3741 1987 3794 in
2024 3739 2405 3794 commentario
2448 3743 2621 3794 Ουτοι
2662 3739 2779 3808 [sed

547 3823 640 3892 qui
652 3821 700 3892 P]
757 3841 849 3890 της
897 3829 1127 3896 αραβιας
1175 3822 1446 3894 κατεσχον
1504 3845 1602 3884 τας
1660 3846 1814 3898 αμφι
1874 3845 1974 3893 την
2037 3829 2388 3897 καλουμενην
2442 3829 2775 3900 αρεοπολιν.

544 3929 664 3976 ητις
697 3927 766 3975 ην
800 3912 1142 3983 μητροπολις
1178 3930 1240 3963 το
1277 3915 1528 3965 παλαιον
1573 3931 1671 3964 του
1719 3919 2019 3983 μωαβιτων
2053 3918 2257 3972 εθνους
2310 3912 2319 3980 Ι
2377 3911 2444 3966 12
2485 3929 2643 3966 ειπεν
2679 3911 2778 3965 AD

551 3997 824 4064 [superest
859 4013 920 4048 εν
955 3998 1082 4050 ante
1119 3998 1206 4065 δε]
1243 3997 1400 4052 Emrt
1433 3999 1520 4065 [132
1541 4023 1615 4046 =
1636 3997 1698 4065 b]
1731 3999 1739 4068 Ι
1774 3999 1839 4054 12
1877 4005 2062 4070 αβραμ
2100 3998 2151 4051 D
2182 3997 2190 4065 Ι
2226 3997 2292 4051 13
2332 4017 2412 4050 οτι
2441 4006 2509 4055 >
2528 3996 2774 4067 DEamtl

547 4081 706 4152 13l15
741 4097 878 4152 quae
919 4081 1064 4136 inter
1117 4089 1370 4154 εφοβηθη
1411 4085 1478 4139 13
1511 4086 1570 4138 et
1620 4102 1790 4151 αυτην
1826 4084 1893 4138 15
1928 4081 2133 4147 media,
2181 4091 2249 4142 >
2282 4099 2339 4137 rz
2402 4083 2409 4151 Ι
2476 4083 2545 4137 14
2578 4103 2667 4137 οτι
2712 4089 2781 4144 >

548 4168 600 4222 D
633 4168 740 4238 [Gn]
769 4169 849 4222 Ea
889 4167 1072 4238 [habet
1106 4167 1210 4223 hoo
1242 4168 1358 4224 loco
1394 4171 1469 4240 m]
1525 4171 1532 4240 Ι
1577 4171 1648 4225 14
1682 4185 1831 4224 εστιν
1866 4168 1966 4224 AD
2003 4171 2273 4240 [superest
2305 4188 2339 4223 ν
2374 4171 2501 4224 ante
2536 4169 2778 4241 μηποτε]

545 4255 674 4309 Emt
714 4257 794 4324 [ΐε2
816 4282 886 4302 --
908 4255 964 4325 b]
1022 4257 1031 4326 Ι
1089 4255 1157 4312 14
1196 4272 1601 4310 αποκτενουσιν
1634 4260 1723 4322 at,
1770 4256 2141 4311 ἀποκτενᾶσιν
2179 4274 2235 4310 111
2289 4256 2296 4324 Ι
2355 4257 2422 4312 15
2452 4258 2779 4310 απεστειλεν

545 4339 646 4394 AD
686 4343 956 4409 [superest
1003 4344 1215 4396 στειλεν
1261 4345 1387 4396 ante
1440 4344 1528 4408 δέ]
1565 4343 1669 4398 Ert
1708 4343 1789 4413 [1;ξι
1811 4367 1882 4390 =
1902 4343 1959 4412 b]
2034 4344 2042 4412 Ι
2110 4343 2177 4398 15
2222 4343 2295 4397 ad
2340 4344 2611 4413 αβιμελεχ
2664 4359 2692 4395 1·
2714 4351 2783 4384 ¹¹³⁸

545 4443 760 4498 πατρος
794 4445 906 4496 μου
939 4429 1198 4495 βασιλεια
1247 4428 1257 4497 Ι
1315 4428 1472 4497 15s16
1506 4447 1842 4505 γαγαραρων
1873 4429 1919 4484 Ε
1938 4468 1951 4482 .
1990 4429 2051 4484 in
2088 4446 2339 4504 γεραρων
2374 4430 2503 4484 ante
2542 4447 2585 4481 ω
2622 4427 2785 4483 litera
