3169 4941
1354 404 1581 461 Genesis
1615 405 1704 461 45.
2533 408 2636 465 18⁷

347 587 372 632 1
411 564 583 653 πρὸς
624 564 775 644 τοὺς
810 556 1129 653 ἀδελφοὺς
1172 558 1371 633 αὐτοῦ
1405 562 1738 654 Ἐγγίσατε
1793 566 1966 657 πρὸς
2005 568 2104 655 μέ.
2177 569 2291 637 καὶ
2348 567 2633 662 ἤγγισαν,

410 668 525 735 καὶ
568 661 755 735 εἶπεν
790 664 955 755 Ἐγώ
1010 666 1148 753 εἰμι
1195 661 1445 759 Ἰωσὴφ
1486 669 1523 739 ὁ
1562 668 1844 761 ἀδελφὸς
1893 670 2072 757 ὖμῶν
2085 727 2102 757 ,
2175 668 2248 743 ὃν
2289 672 2638 745 ἀπέδοσθε

409 770 505 853 εἶς
548 768 922 859 Αἴγυπτον.
1019 774 1167 841 5νῦν
1226 768 1335 841 οὗν
1403 774 1493 864 μὴ
1552 778 1880 843 λυπεῖσθε
1930 777 2093 867 μηδὲ
2150 779 2425 868 σκληρὸν
2483 779 2636 865 ὑμῖν

410 872 679 965 φανήτω
720 875 828 945 ὅτι
882 876 1232 947 α’πέδοσθέ
1283 904 1367 962 με
1410 871 1537 947 ὦδε
1550 900 1565 913 ·
1635 877 1732 960 εἷς
1788 880 1905 968 γὰρ
1952 882 2115 971 ζωὴν
2157 879 2511 952 ἀπέστειλέ
2555 910 2638 969 με

343 1005 375 1051 6
410 978 447 1049 ὁ
492 980 657 1060 θεὸς
711 978 1097 1071 ἔμπροσθεν
1150 980 1347 1066 ὑμῶν.
1445 988 1471 1026 ⁸
1492 991 1688 1052 τοῦτο
1743 985 1865 1072 γὰρ
1925 984 2218 1076 δεύτερον
2259 983 2408 1066 ἔτος
2449 988 2638 1072 λιμὸς

410 1084 529 1153 ἐπὶ
563 1090 679 1175 τῆς
716 1091 861 1175 γῆς,
905 1086 1016 1153 καὶ
1058 1082 1159 1153 ἔτι
1202 1086 1410 1154 λοιπὰ
1450 1086 1651 1155 πέντε
1693 1085 1824 1178 ἔτη,
1869 1086 1938 1157 ἐν
1981 1081 2083 1169 οἷς
2125 1082 2237 1157 οὐκ
2281 1083 2634 1180 ἐῖῐτινζάρο-

408 1186 666 1276 τρίασις
706 1186 857 1257 οὐδὲ
900 1182 1165 1275 ἆμητός.
1242 1195 1267 1233 ⁷
1280 1183 1629 1259 ἀπέστειλε
1672 1187 1797 1281 γάρ
1819 1207 1923 1277 ’με
1964 1188 2002 1260 ὃ
2046 1193 2210 1279 θεὰς
2251 1194 2636 1284 ἔμπροσθεν

407 1290 585 1377 ὑμῶν
598 1344 616 1376 ,
658 1291 1157 1362 ὑπολείπεσθαι
1194 1292 1346 1381 ὑμῖν
1382 1292 1787 1381 κατάλειμμα
1831 1296 1948 1363 ἐπὶ
1975 1301 2090 1387 τῆς
2118 1302 2230 1388 γῆς
2256 1298 2370 1366 καὶ
2397 1298 2636 1387 ἐκθρέ-

347 1418 353 1423 ·
409 1410 545 1485 ψαι
587 1394 761 1482 ὑμῶν
802 1394 1193 1489 κατάλειψιν
1234 1395 1530 1488 μεγάλην.
1629 1405 1656 1443 ⁸
1669 1407 1783 1467 νῦν
1825 1394 1934 1469 οὖν
1979 1402 2092 1484 οὐχ
2134 1400 2317 1487 ὑμεῖς
2357 1429 2440 1488 με
2467 1396 2636 1471 άπε-

309 1524 375 1569 10
410 1496 731 1569 στάλκατε
776 1495 920 1586 ὦδε,
964 1499 1131 1571 ἀλλὰ
1173 1499 1212 1570 ὁ
1253 1501 1444 1587 θεός,
1491 1503 1606 1571 καὶ
1647 1501 1924 1594 ἐποίησέ
1962 1530 2047 1589 με
2071 1502 2164 1585 ὥς
2197 1505 2451 1596 πατέρα
2495 1513 2636 1574 Φα-

406 1605 541 1693 ραὼ
581 1604 694 1673 καὶ
736 1602 955 1694 κύριον
1011 1606 1261 1687 παντὸς
1301 1612 1416 1675 τοῦ
1460 1604 1644 1675 οἴκου
1689 1605 1882 1676 αὐτοῦ
1936 1608 2046 1676 καὶ
2091 1606 2370 1700 ἄρχοντα
2415 1610 2634 1701 πάσης

406 1716 523 1799 γῆς
563 1706 929 1797 Αἰγύπτου.
1024 1717 1051 1755 ⁹
1066 1712 1461 1793 σπεύσαντες
1520 1706 1630 1779 οὗν
1673 1704 1954 1803 ἀνάβητε
1995 1714 2168 1803 πρὸς
2205 1713 2322 1782 τὸν
2376 1715 2634 1803 πατέρα

405 1839 530 1899 μου
578 1814 691 1881 καὶ
736 1810 971 1883 εἴπατε
1018 1808 1193 1904 αὐτῷ
1248 1812 1422 1884 Τάδε
1478 1814 1648 1905 λέγει
1707 1814 1744 1885 ὃ
1789 1814 1933 1897 υἱός
1974 1839 2091 1886 σου
2131 1810 2378 1909 Ἰωσὴφ
2415 1812 2633 1887 Ἐποί-

404 1918 523 2006 ησέ
566 1944 651 2003 με
692 1916 729 1987 ὅ
773 1918 935 2000 θεὸς
977 1915 1197 2006 κύριον
1259 1920 1477 2009 πάσης
1529 1928 1644 2012 γῆς
1686 1920 2046 2009 Αἰγύπτου
2063 1946 2078 1960 ·
2151 1922 2483 2012 κατάβηθι
2523 1918 2634 1991 οὖν

307 2042 371 2089 15
407 2022 578 2109 πρὸς
629 2022 747 2107 μέ,
820 2023 930 2090 καὶ
984 2024 1073 2112 μὴ
1126 2020 1365 2113 μείνῃς.
1465 2025 1650 2092 Ιθκαὶ
1705 2020 2108 2115 κατοικήσεις
2167 2025 2234 2093 ἓν
2292 2030 2370 2117 γῇ
2412 2026 2634 2113 Γεσὲμ

409 2123 754 2215 Ἀραβίας,
814 2126 930 2193 καὶ
970 2124 1086 2217 ἔσῃ
1127 2124 1311 2215 ἐγγύς
1352 2153 1481 2213 μου
1524 2130 1602 2195 σύ
1643 2129 1756 2197 καὶ
1791 2126 1856 2198 οἳ
1899 2126 2036 2197 υἱοί
2073 2153 2192 2198 σου
2237 2130 2350 2199 καὶ
2394 2127 2462 2199 οἱ
2501 2128 2634 2200 υἱοὶ

405 2236 532 2297 τῶν
574 2227 728 2297 υἱῶν
774 2254 921 2316 σου,
965 2232 1049 2298 τὰ
1094 2228 1402 2320 πρόβατά
1446 2255 1565 2301 σου
1609 2233 1722 2300 καὶ
1767 2230 1832 2301 οἱ
1871 2233 2023 2319 βόες
2064 2258 2182 2302 σου
2225 2234 2336 2302 καὶ
2365 2233 2493 2303 ὅσα
2523 2233 2635 2303 σοί

404 2333 563 2403 ἐστι.
640 2334 822 2402 uzal
864 2332 1185 2424 ἐκθρέψω
1228 2358 1303 2402 σε
1345 2336 1477 2404 ἐκεῖ
1522 2334 1648 2423 (ἔτι
1690 2338 1814 2425 γὰρ
1856 2337 2056 2405 πέντε
2099 2336 2210 2428 ἐτη
2251 2334 2467 2425 λιμός)
2527 2340 2634 2405 ἵνα

402 2438 490 2529 μὴ
546 2437 844 2529 έκτριβῇς
901 2439 979 2507 σὺ
1032 2439 1145 2507 καὶ
1200 2436 1267 2507 οἱ
1320 2437 1455 2509 υἱοί
1512 2463 1631 2509 σου
1689 2440 1822 2536 καὶο
1856 2440 2079 2509 πάντα
2139 2443 2224 2509 τὰ
2265 2437 2632 2531 ὑπάρχοντά

302 2565 371 2610 20
404 2564 539 2610 σου.
637 2541 849 2611 12ἰδοὺ
914 2540 979 2612 οἱ
1022 2541 1368 2634 ὀφθαλμοὶ
1423 2543 1604 2630 ὑμῶν
1652 2545 1975 2642 βλέπουσι
2017 2545 2130 2613 καὶ
2176 2543 2241 2614 οἳ
2285 2540 2632 2636 ὀφθαλμοὶ

403 2646 713 2733 Βενιαμὶν
752 2651 869 2715 τοῦ
905 2645 1191 2739 άδελφοῦ
1228 2673 1355 2734 μου
1391 2645 1493 2726 ὅτι
1536 2649 1614 2717 τὸ
1659 2645 1875 2736 στόμα
1916 2675 2042 2736 μου
2081 2649 2158 2718 τὸ
2200 2652 2434 2718 λαλοῦν
2461 2649 2631 2740 πρὸς

406 2887 519 2924 απο
574 2887 895 2944 προσωπου
954 2891 1126 2926 αυτου
1178 2890 1212 2927 x
1277 2875 1286 2940 Ι
1354 2875 1422 2930 16
1481 2891 1608 2928 ειπε
1664 2890 1835 2944 usque
1895 2874 1966 2930 ad
2019 2890 2265 2945 ηγγισαν
2305 2876 2333 2930 l
2392 2886 2460 2936 >
2506 2875 2556 2930 A
2619 2876 2628 2946 Ι

407 2959 473 3012 16
510 2974 667 3010 ειπεν
700 2959 775 3012 Ft
793 2961 856 3010 ¹1
873 2963 893 2994 ¹

549 3045 578 3098 1
617 3059 889 3114 ηγγεισαν
922 3045 969 3098 F
1020 3047 1029 3114 Ι
1087 3047 1115 3101 1
1151 3047 1227 3101 fin
1263 3048 1329 3114 -Ι-
1368 3065 1508 3121 προς
1542 3065 1712 3101 αυτον
1741 3048 1816 3102 Fz
1855 3048 1864 3116 Ι
1907 3051 1942 3104 2
1977 3065 2140 3120 ημων
2171 3065 2202 3102 z
2241 3051 2250 3115 Ι
2288 3052 2323 3105 3
2352 3069 2432 3120 μη
2469 3065 2632 3104 manu

406 3130 581 3201 prima
612 3130 672 3184 in
707 3147 895 3186 rasura
929 3147 963 3184 x
1008 3133 1015 3195 Ι
1060 3133 1093 3186 3
1128 3136 1431 3187 λυπεισθαι
1470 3133 1545 3198 A,
1582 3137 1838 3202 λυπησθε
1873 3150 1908 3188 a
1938 3135 1946 3204 Ι
1989 3135 2078 3205 3s4
2114 3154 2338 3206 φανητω
2375 3153 2512 3209 υμιν
2547 3153 2577 3190 0
2619 3137 2630 3207 Ι

406 3217 443 3270 4
478 3234 725 3288 φανειτω
770 3235 799 3270 z
846 3219 855 3286 Ι
902 3218 939 3272 4
975 3236 1051 3290 με
1098 3219 1273 3289 prius]
1309 3240 1415 3289 μαι
1450 3222 1477 3273 t
1508 3221 1517 3288 Ι
1544 3222 1598 3274 ’4
1637 3222 1795 3291 ζωην]
1836 3221 2078 3291 „Aquila
2115 3226 2351 3287 ζωωσιν,
2387 3223 2633 3292 Symma-

406 3303 537 3358 chus
576 3319 855 3374 σωτηριαν
873 3308 906 3330 “
942 3303 977 3358 b
1007 3305 1015 3374 Ι
1044 3305 1082 3360 4
1118 3305 1577 3362 απεστειλενΑΕὺ
1595 3313 1642 3371 ¹,
1685 3311 2029 3362 απεσταλκεν
2051 3324 2084 3361 x
2105 3312 2146 3373 ¹,
2191 3313 2500 3364 απεσταλκε
2524 3315 2594 3363 12
2623 3310 2631 3382 Ι

406 3392 441 3446 6
478 3409 561 3443 su
612 3391 807 3458 λοιπα]
850 3389 1125 3444 ἐπίλοιπα
1162 3408 1195 3444 x
1226 3392 1234 3459 Ι
1266 3393 1299 3446 6
1333 3393 1436 3462 sn]
1478 3411 1567 3459 ετη
1603 3393 1788 3448 aldina
1829 3395 2176 3463 sequentibus
2211 3411 2320 3448 non
2355 3397 2582 3451 mutatis
2621 3397 2631 3466 Ι

407 3480 441 3532 6
478 3476 647 3545 εστιν]
693 3489 849 3530 εσται
884 3475 983 3531 AD
1012 3477 1120 3547 [011]
1148 3479 1286 3533 Foxz
1350 3480 1359 3547 Ι
1426 3479 1457 3532 7
1493 3498 1695 3548 αμιτος
1727 3497 1758 3534 z
1828 3483 1836 3544 Ι
1904 3483 1935 3534 7
1973 3484 2296 3534 απεστειλεν
2330 3480 2452 3536 AFt
2472 3487 2530 3534 ¹1
2550 3488 2570 3518 ¹
2619 3486 2630 3552 Ι

407 3562 442 3615 8
477 3563 633 3634 υμιν]
674 3581 830 3633 υμων
864 3562 991 3617 AFx
1022 3573 1031 3632 Ι
1060 3568 1097 3621 8
1136 3568 1459 3636 καταλιμμα
1491 3571 1559 3619 1¹
1571 3583 1608 3634 y
1639 3567 1648 3636 Ι
1687 3566 1722 3619 8
1761 3583 1858 3619 επι
1893 3585 1987 3634 της
2022 3577 2206 3637 γης>
2226 3569 2308 3621 mt
2337 3568 2345 3636 Ι
2375 3567 2409 3620 9
2447 3569 2632 3640 υμων]

409 3667 544 3720 υμιν
562 3666 592 3704 0
610 3649 617 3720 Ι
638 3651 673 3704 9
690 3651 993 3718 καταλιψιν
1008 3649 1119 3713 AF,
1145 3654 1456 3720 κατάληψιν
1472 3651 1519 3722 t!
1545 3651 1579 3704 9
1598 3654 1724 3721 post
1749 3672 1852 3721 ουχ
1868 3652 1935 3719 -Ι-
1955 3672 2027 3712 ως
2043 3651 2093 3723 1·.Ι
2112 3654 2180 3709 10
2197 3655 2300 3706 αλλ
2320 3672 2352 3719 η
2376 3652 2504 3718 sz,
2531 3656 2634 3707 αλλ

408 3738 519 3790 emt
568 3739 605 3801 l‘
634 3738 704 3791 10
737 3756 832 3790 και
864 3745 929 3796 >
967 3739 1051 3790 1111;
1096 3739 1105 3802 Ι
1160 3737 1229 3791 10
1268 3753 1534 3804 εποιησεν
1566 3737 1660 3792 AF
1687 3738 1893 3809 [110111;]
1918 3745 1990 3792 1¹
2020 3741 2028 3810 Ι
2074 3740 2140 3794 12
2172 3759 2273 3809 γης
2305 3751 2374 3800 >
2411 3743 2438 3794 t
2469 3742 2476 3809 Ι
2512 3742 2632 3794 130

407 3833 473 3882 >
493 3839 523 3876 0
552 3825 561 3888 Ι
594 3823 755 3890 13s14
776 3837 1044 3890 εποιησεν
1066 3819 1301 3878 AFt'111
1333 3827 1342 3890 Ι
1375 3827 1443 3880 14
1467 3844 1652 3900 κυριος
1679 3826 1728 3881 D
1745 3826 1862 3897 [011]
1895 3827 1904 3895 Ι
1938 3827 2006 3880 14
2028 3845 2129 3896 γης
2151 3827 2318 3881 etiam
2337 3829 2406 3892 D,
2443 3846 2537 3892 της
2567 3827 2630 3890 F,

408 3929 501 3978 της
535 3929 635 3980 γης
670 3927 699 3964 0
728 3910 737 3979 Ι
770 3910 835 3965 15
873 3930 953 3978 μη
979 3919 1047 3970 >
1072 3911 1123 3963 D
1150 3910 1265 3980 [GR]
1298 3912 1307 3980 Ι
1341 3912 1406 3966 15
1443 3929 1493 3964 ει
1528 3912 1677 3966 uocis
1711 3930 1906 3983 μεινης
1935 3929 1968 3966 x
2005 3913 2270 3968 recentius
2308 3914 2365 3967 in
2405 3929 2594 3967 rasum
2619 3912 2651 3983 Ι-

408 3996 474 4053 15
511 4011 845 4064 κατοικησον
877 3997 922 4051 F
964 3998 971 4065 Ι
1019 3997 1084 4052 15
1122 4011 1291 4066 γεσσε
1327 3999 1354 4050 t
1384 4001 1392 4064 Ι
1438 4000 1504 4053 16
1542 4006 1802 4070 αραβειας
1835 4000 1914 4064 F,
1949 4009 2016 4059 >
2056 4018 2110 4064 0,
2145 4007 2409 4075 αρραβιας
2441 4002 2496 4064 t,
2531 4020 2630 4074 αρ-

409 4091 575 4154 ραβια
613 4100 641 4135 z
672 4081 681 4152 Ι
714 4086 781 4140 16
817 4103 874 4137 οι
908 4085 1140 4138 alterum
1173 4092 1242 4142 >
1280 4088 1375 4138 02¹
1414 4085 1423 4153 Ι
1467 4086 1531 4139 17
1570 4087 1696 4139 ante
1730 4105 1800 4138 τα
1839 4089 1901 4151 -Ι-
1939 4105 2032 4139 και
2066 4103 2100 4138 1
2131 4088 2139 4154 Ι
2173 4088 2238 4140 17
2275 4105 2372 4138 και
2413 4106 2470 4139 οι
2504 4093 2635 4154 βοες

409 4184 510 4222 σου
546 4179 615 4228 >
653 4184 686 4221 x
715 4171 724 4236 Ι
757 4171 823 4224 17
864 4190 923 4222 αι
960 4177 1084 4238 βοες
1117 4168 1193 4222 At
1223 4170 1231 4237 Ι
1264 4172 1331 4225 18
1363 4185 1514 4224 εστιν
1548 4172 1736 4225 F0t1x
1757 4176 1802 4235 ¹,
1841 4189 1953 4225 εκει
1989 4171 2038 4225 A
2069 4173 2077 4239 Ι
2122 4171 2188 4226 18
2226 4172 2518 4244 διαθρεψω
2552 4190 2582 4224 z
2621 4173 2630 4242 Ι

408 4255 473 4308 18
507 4258 636 4324 post
670 4258 831 4326 λιμος
866 4256 931 4323 -Ι-
971 4272 1128 4310 εσται
1165 4270 1261 4310 sm
1298 4276 1393 4324 της
1426 4276 1519 4327 γης
1552 4274 1618 4325 a,
1673 4260 1738 4325 -Ι-
1778 4273 1935 4311 εσται
1973 4276 2066 4310 και
2102 4276 2130 4310 z
2184 4261 2193 4322 Ι
2250 4259 2318 4313 19
2353 4276 2408 4310 οι
2443 4266 2512 4318 >
2551 4274 2580 4313 0
2621 4259 2629 4330 Ι

337 4380 343 4386 -
404 4342 472 4394 19
510 4345 636 4410 post
669 4357 777 4395 σου
816 4344 883 4410 -Ι-
922 4363 1016 4396 και
1050 4363 1080 4396 ο
1122 4362 1280 4403 οικος
1315 4359 1421 4398 σου
1456 4362 1485 4396 z
1552 4344 1563 4412 Ι
1629 4347 1697 4400 20
1739 4343 1864 4413 σου]
1906 4358 2003 4397 σοι
2039 4358 2108 4412 ay
2156 4345 2164 4412 Ι
2220 4343 2290 4400 20
2323 4347 2632 4412 βλεπουσιν

404 4427 673 4482 AFct¹x²
705 4433 713 4494 Ι
744 4429 812 4483 21
849 4437 1143 4498 βενιαμειν
1181 4430 1332 4496 AFx,
1370 4433 1466 4487 sed
1499 4448 1533 4484 x
1568 4433 1695 4501 post
1729 4451 1828 4486 του
1865 4431 2122 4504 αδελφου
2162 4451 2282 4504 μου
2321 4431 2476 4500 ponit
