3169 4941
1240 436 1669 498 ...w-.-

1424 628 1470 682 0
1735 669 1742 674 .

334 710 543 772 Iacobi
586 710 860 773 edesseni
902 712 1339 790 pentateuchus
1383 721 1445 774 et
1470 715 1721 777 Daniel:
1771 735 1912 778 nam
1955 716 2113 778 aliae
2147 724 2352 799 partes
2389 729 2564 781 aeta-

334 817 459 869 tem
506 826 625 869 non
668 809 950 870 tulerunt.
1031 808 1279 872 Parisiis
1338 813 1571 875 codices
1619 833 1804 894 saepe
1849 813 2138 895 descripti
2192 815 2408 898 singuli
2449 820 2564 880 ad-

334 915 672 968 seruantur.

1430 1043 1471 1096 ‘2

335 1111 590 1192 coptica.
665 1110 853 1171 edidit
1429 1063 1441 1126 ¹

501 1207 970 1290 pentateuchum
989 1209 1317 1272 DWilkins
1355 1207 1536 1275 1731'
1564 1223 1628 1274 et
1651 1213 1878 1276 Paulus
1923 1216 1998 1276 de
2041 1215 2318 1295 Lagarde
2365 1215 2560 1278 1867:

507 1306 773 1387 psalmos
822 1316 961 1387 post
1004 1306 1154 1368 alios
1205 1308 1624 1374 MSchwartze
1676 1311 1878 1376 1843:

499 1405 713 1466 Iobum
754 1405 1063 1466 HTattam
1109 1405 1299 1469 1846:

509 1503 841 1583 prophetas
884 1503 1045 1565 idem
1088 1504 1250 1569 1836
1298 1517 1361 1568 et
1403 1505 1583 1570 1852.

504 1601 957 1680 prouerbiorum
993 1602 1187 1664 habeo
1224 1605 1507 1678 codicem,
1555 1606 1657 1684 qui
1697 1605 1917 1666 desinit
1955 1607 2020 1668 in
2067 1609 2164 1682 14,
2215 1608 2346 1672 26².

334 1698 550 1761 harum
578 1701 917 1762 uersionum
951 1701 1314 1782 hexaplares
1352 1712 1493 1763 sunt
1533 1710 1654 1777 Πῠ,
1699 1703 1832 1765 ideo
1865 1723 2000 1764 cum
2033 1703 2359 1776 GMsze
2397 1726 2565 1768 com—

334 1798 595 1876 parandi
644 1807 705 1860 et
750 1808 891 1880 post
927 1800 1400 1880 patientissimos
1443 1803 1686 1863 demum
1718 1801 1950 1881 aliquot
1993 1821 2284 1864 annorum
2326 1804 2563 1866 labores

336 1898 414 1958 ad
460 1899 823 1977 adparatum
866 1898 1218 1962 adhibendi:
1270 1899 1453 1960 ceteri
1489 1919 1608 1980 quo
1650 1901 1826 1962 modo
1861 1901 2110 1963 tractari
2155 1902 2462 1976 deberent,
2503 1902 2566 1963 in

336 1995 488 2056 libro
534 1997 925 2076 gesammelte
965 1997 1428 2078 abhandlungen
1472 1998 1572 2073 99,
1609 1997 1688 2061 38
1710 2018 1857 2079 seqq
1897 2000 2324 2075 demonstraui,
2371 2019 2564 2079 neque

302 2095 612 2198 ‘undecim
668 2113 960 2156 annorum
1006 2095 1204 2175 spatio
1263 2096 1387 2158 uidi
1442 2117 1548 2158 cur
1593 2118 1632 2160 a
1679 2098 1909 2178 legibus
1949 2097 2034 2158 ibi
2080 2098 2320 2178 scriptis
2367 2098 2565 2161 disce-

338 2194 557 2254 derem.
644 2192 761 2254 hae
813 2194 993 2274 igitur
1048 2194 1355 2256 uersiones
1394 2193 1682 2274 legendae
1727 2205 1867 2257 sunt
1917 2195 2249 2277 diligenter,
2306 2198 2415 2258 sed
2451 2195 2566 2256 nisi

338 2309 449 2369 per
504 2309 567 2351 se
628 2289 898 2371 singulae
946 2301 1129 2352 antea
1195 2311 1483 2353 excussae
1542 2303 1684 2354 sunt
1741 2293 2048 2373 (Lagarde
2103 2293 2566 2372 abhandlungen

346 2387 487 2461 119,
538 2390 668 2470 11),
713 2390 817 2452 uix
859 2398 991 2451 tuto
1037 2389 1098 2450 in
1148 2390 1640 2452 commentarium
1685 2389 1956 2452 criticum
2000 2391 2185 2473 recipi
2227 2399 2526 2470 poterunt.

508 2488 835 2551 Uideamus
894 2508 1049 2550 nunc
1100 2490 1175 2550 de
1226 2489 1527 2551 codicibus
1589 2490 1817 2569 graecis
1874 2490 1965 2563 iis,
2018 2490 2118 2570 qui
2175 2489 2366 2550 literis
2428 2488 2564 2568 plus

338 2585 609 2648 minusue
656 2588 732 2648 ad
775 2589 1029 2650 formam
1068 2608 1224 2649 nunc
1265 2588 1551 2649 usitatam
1599 2588 1807 2649 effictis
1845 2588 2055 2668 scripti
2100 2595 2254 2649 sunt.
2337 2594 2565 2647 certum

338 2693 433 2745 est
476 2706 577 2748 eos
622 2706 739 2748 non
790 2706 821 2747 e
862 2686 1109 2748 somniis
1173 2687 1596 2748 monachorum
1651 2686 1949 2748 undecimi
2009 2686 2106 2748 uel
2167 2685 2320 2747 alius
2365 2683 2566 2745 cuius-

338 2800 519 2861 quam
562 2784 789 2846 saeculi
827 2792 1021 2859 natos,
1068 2786 1175 2846 sed
1220 2804 1295 2845 ex
1336 2784 1679 2867 archetypis
1725 2784 2060 2848 uncialibus
2105 2794 2210 2847 aut
2251 2783 2416 2864 ipsos
2461 2790 2568 2842 aut

334 2879 847 2945 intercedentibus
872 2882 1006 2943 aliis
1034 2882 1354 2944 deriuatOS.
1401 2884 1557 2945 unde
1596 2884 1793 2945 elucet
1830 2883 2099 2945 criticum
2130 2889 2306 2943 acuto
2348 2878 2566 2941 iudicio

336 2985 399 3038 et
441 2979 716 3041 doctrina
758 2980 1057 3060 probabili
1096 2980 1454 3043 instructum
1492 2982 1794 3044 codicibus
1839 2979 2267 3044 recentioribus
2311 2976 2565 3041 conlatis

339 3076 689 3139 effecturum
737 3097 871 3139 esse
918 3077 1058 3158 quid
1100 3078 1163 3139 in
1208 3079 1507 3141 communi
1549 3078 1812 3160 plurium
1856 3078 2191 3159 aliquorum
2235 3076 2565 3157 archetypo

336 3174 628 3255 scriptum
674 3176 872 3249 fuerit,
918 3175 1006 3237 ita
1050 3186 1117 3238 ut
1159 3177 1473 3259 archetypi
1506 3177 1741 3239 codices
1783 3178 1873 3239 ita
1899 3177 2072 3257 quasi
2110 3175 2384 3256 exputati
2421 3194 2568 3255 pos-

338 3271 461 3333 sint
502 3273 563 3333 in
608 3274 879 3335 ordinem
936 3294 1141 3337 eorum
1185 3275 1391 3356 recipi,
1449 3296 1598 3356 quos
1645 3295 1830 3355 supra
1887 3273 2077 3336 literis
2123 3271 2327 3334 latinis
2371 3273 2569 3335 maio-

336 3369 503 3431 ribus
562 3371 887 3451 designaui.
984 3374 1094 3434 hos
1142 3374 1377 3436 codices
1429 3373 1727 3455 patientia
1784 3381 1846 3434 et
1901 3372 2232 3453 sagacitate
2289 3370 2566 3432 inuentos

337 3468 447 3529 sed
504 3486 828 3547 numquam
873 3469 1055 3545 uisoS,
1114 3472 1277 3534 soleo
1329 3471 1521 3534 literis
1572 3470 1802 3553 graecis
1853 3469 2186 3533 uncialibus
2233 3467 2564 3547 designare,

336 3584 491 3645 quae
532 3586 668 3627 cum
710 3567 913 3629 latinis
945 3569 1293 3647 permisceri
1332 3590 1451 3631 non
1487 3579 1761 3650 possunt,
1809 3562 2326 3629 ΓΔΘΛΞΣΦΨΩ.
2387 3575 2570 3647 atque

337 3665 570 3726 utinam
614 3684 857 3746 possem
897 3666 1008 3727 has
1051 3667 1258 3729 literas
1305 3668 1479 3729 modo
1506 3668 1766 3747 scriptas
1809 3685 2014 3728 omnes
2049 3665 2114 3725 in
2144 3664 2568 3726 commentario

334 3763 687 3844 producere.
794 3782 1005 3825 uerum
1064 3784 1241 3827 unam
1300 3772 1539 3826 tantum
1593 3765 1788 3827 habeo
1805 3810 1821 3837 ,
1880 3782 2033 3844 quae
2087 3763 2312 3824 audeat
2367 3782 2568 3825 coram

334 3862 661 3925 lectoribus
706 3880 1076 3941 comparere,
1121 3862 1191 3937 Δ,
1253 3871 1329 3923 ex
1380 3863 1754 3925 monacensis
1811 3863 1953 3923 noni
2002 3872 2064 3923 et
2106 3860 2568 3923 uindobonensis

339 3958 459 4023 130
499 3958 953 4039 comparatione
998 3968 1427 4041 comparatam.
1513 3979 1655 4021 nam
1707 3978 1858 4039 quas
1905 3960 2056 4022 alias
2107 3959 2170 4019 in
2222 3959 2420 4019 animo
2477 3967 2572 4019 est

338 4057 660 4138 aliquando
703 4056 997 4136 recipere,
1044 4078 1227 4137 quum
1266 4059 1344 4119 ad
1402 4075 1505 4117 eas
1550 4056 1952 4136 adquirendas
2008 4056 2137 4119 solo
2180 4074 2374 4135 paene
2413 4055 2569 4117 Hol-

338 4156 509 4218 mesii
568 4164 632 4217 et
680 4155 990 4216 Parsonsii
1044 4158 1343 4236 adparatu
1391 4173 1535 4215 usus
1593 4153 1735 4227 sim,
1794 4153 1857 4214 in
1906 4154 2195 4226 minimiS,
2247 4172 2401 4232 quae
2454 4153 2570 4214 etsi

337 4263 583 4333 praetor
625 4270 747 4315 non
800 4260 989 4327 curat,
1046 4254 1286 4316 criticus
1344 4270 1464 4313 non
1525 4269 1734 4312 curare
1786 4269 1905 4312 non
1958 4259 2178 4333 potest,
2234 4250 2570 4314 incredibili

336 4352 513 4415 modo
566 4350 924 4431 plerumque
971 4352 1323 4433 neglegenti,
1382 4349 1474 4411 ita
1530 4356 1600 4409 ut
1642 4350 1836 4410 denuo
1875 4350 2108 4412 codices
2162 4350 2240 4411 ab
2283 4350 2406 4412 illis
2451 4369 2570 4413 non

336 4451 625 4511 adcurate
690 4467 975 4510 excussos
1030 4450 1304 4523 debeam,
1364 4448 1417 4509 si
1470 4445 1618 4507 certi
1681 4445 1907 4527 aliquid
1964 4447 2143 4509 uelim
2192 4447 2256 4510 in
2310 4449 2568 4511 medium

2172 4556 2263 4621 2*
