3169 4941
514 423 586 478 28
1456 419 1683 482 Genesis
1715 425 1769 480 8.

511 588 627 678 τὴν
693 584 938 677 θυρίδα
998 594 1114 678 τῆς
1153 592 1458 674 κιβωτοῦ,
1524 581 1599 679 ἢν
1667 585 1939 678 ἐποίησε
1953 642 1969 673 ,
2048 587 2161 656 καὶ
2212 580 2564 656 ἀπέστειλε
2625 585 2739 654 τὸν
2778 613 2803 657 1

513 687 778 779 κόρακα.
875 695 901 736 '¹
916 691 1030 759 καὶ
1073 691 1361 773 ἐξελθών
1407 686 1525 760 οὐκ
1569 689 1963 782 ἀνέστρεψεν
2016 689 2140 772 ἕως
2188 699 2303 759 τοῦ
2344 693 2739 781 ξηρανθῆναι

513 795 591 864 τὸ
632 794 803 884 ὕδωρ
845 789 984 864 ἀπὸ
1023 803 1140 885 τῆς
1172 804 1301 886 γῆς.
1397 797 1546 864 8καὶ
1573 793 1920 864 ἀπέστειλε
1949 795 2064 884 τὴν
2099 795 2484 884 περιστερὰν
2516 787 2739 862 ὀπίσω

515 897 710 967 αὐτοῦ
770 897 936 968 ἰδεῖν
991 897 1052 967 εἶ
1105 896 1430 968 κεκόπακε
1487 900 1564 968 τὸ
1606 899 1777 988 ὕδωρ
1832 893 1971 968 ἀπὸ
2023 906 2138 990 τῆς
2180 903 2309 989 γῆς.
2434 904 2460 940 ⁹
2475 898 2588 966 καὶ
2630 891 2741 981 οὐχ

514 1001 784 1092 εὑροῦσα
822 1001 862 1092 ἡ
903 1004 1258 1093 περιστερὰ
1309 1000 1681 1072 ἀνάπαυσιν
1722 1008 1866 1084 τοῖς
1907 1003 2111 1072 ποσὶν
2151 996 2345 1093 αὐτῆς
2376 995 2739 1091 ἀνέστρεψε
2774 1025 2807 1072 15

515 1106 686 1195 πρὸς
728 1102 922 1176 αὐτὸν
961 1104 1056 1188 εἷς
1093 1107 1207 1197 τὴν
1245 1108 1546 1193 κιβωτόν,
1596 1106 1702 1175 ὅτι
1742 1106 1909 1196 ὕδωρ
1936 1101 2011 1198 ἦν
2035 1107 2152 1175 ἐπὶ
2184 1114 2323 1174 πᾶν
2370 1106 2446 1174 τὸ
2477 1106 2742 1195 πρόσω-

515 1235 650 1278 πον
693 1217 810 1300 τῆς
851 1215 992 1299 γῆς·
1051 1209 1164 1276 καὶ
1207 1207 1496 1291 ἐκτείνας
1538 1211 1652 1301 τὴν
1691 1216 1873 1301 χεῖρα
1917 1208 2144 1297 ἐλαβεν
2186 1207 2383 1301 αὐτὴν
2424 1209 2538 1276 καὶ
2562 1205 2743 1298 εἰσή-

515 1337 714 1401 γαγεν.
763 1311 956 1404 αὐτὴν
1013 1313 1182 1402 πρὸς
1237 1310 1463 1382 ἑαυτὸν
1525 1311 1623 1395 εἷς
1671 1315 1787 1405 τὴν
1842 1311 2140 1402 κιβωτόν.
2235 1313 2413 1382 10καὶ
2456 1311 2744 1396 ἐπισχὼν

517 1413 617 1485 ἔτι
667 1415 910 1507 ἡμέρας
967 1413 1140 1488 ἑπτὰ
1197 1413 1420 1506 ἑτέρας
1476 1419 1693 1486 πάλιν·
1720 1418 2137 1501 ἐξαπέστειλε
2192 1420 2307 1509 τὴν
2351 1415 2741 1507 περιστεράν

519 1519 590 1590 ἔκ
633 1526 748 1610 τῆς
789 1525 1092 1607 κιβωτοῦ.
1189 1521 1370 1589 11καὶ
1423 1516 1787 1613 ἀνέστρεψε
1843 1523 2013 1614 πρὸς
2069 1520 2261 1591 αὐτὸν
2311 1519 2350 1611 ἡ
2392 1519 2745 1611 περιστερὰ
2778 1535 2845 1582 10

515 1625 594 1694 τὸ
656 1626 830 1713 πρὸς
883 1621 1170 1714 ἑσπέραν
1246 1626 1358 1692 καὶ
1415 1619 1545 1709 εἶχε
1604 1623 1849 1716 φύλλον
1910 1624 2133 1706 ἐλαίας
2210 1625 2462 1714 κάρφος
2512 1624 2584 1692 ἐν
2646 1631 2740 1713 τῷ

522 1929 590 1982 14
623 1947 716 1982 και
761 1946 821 1982 εν
856 1926 920 1993 b,
978 1946 1038 1983 εν
1081 1930 1146 1984 δε
1181 1928 1471 1983 ADEamrt
1525 1929 1532 1990 Ι
1579 1925 1735 1997 14],15
1778 1943 1913 1997 quae
1962 1927 2106 1982 inter
2158 1946 2217 1982 εν
2254 1929 2322 1984 14
2368 1929 2425 1981 et
2460 1944 2637 1998 μηνος
2673 1926 2743 1981 15

518 2015 696 2068 media
731 2018 884 2078 sunt,
938 2017 1064 2083 post
1110 2033 1286 2086 ορεων
1323 2015 1390 2070 16
1426 2031 1484 2068 oz
1532 2015 1542 2079 Ι
1598 2015 1673 2088 151
1704 2016 1913 2083 δεκατῳ
1953 2013 2073 2088 bez,
2136 2015 2409 2084 ενδεκατῳ
2443 2011 2543 2068 AD
2582 2013 2741 2082 [reste

520 2100 738 2170 Grabio]
793 2100 984 2155 Eamrt
1030 2102 1039 2169 Ι
1089 2102 1155 2157 15
1188 2104 1314 2171 post
1364 2098 1639 2173 ωφθησαν
1674 2101 1740 2168 -Ι-
1780 2102 1843 2153 δε
1880 2115 1937 2153 cz
1988 2105 1997 2168 Ι
2050 2103 2116 2156 16
2154 2118 2360 2173 ορνεων
2397 2117 2431 2153 a
2477 2103 2487 2167 Ι
2539 2101 2605 2155 16
2646 2119 2741 2152 και

523 2205 742 2256 εγενετο
777 2185 1105 2251 ADEabcrz,
1147 2205 1366 2258 εγενετο
1407 2188 1471 2241 δε
1504 2189 1587 2240 mt
1618 2187 1625 2253 Ι
1660 2188 1725 2243 16
1758 2204 2159 2260 τεσσερακοντα
2192 2187 2268 2250 A,
2306 2207 2352 2258 μ
2386 2203 2435 2250 r,
2478 2204 2576 2244 τας
2596 2206 2641 2256 μ
2659 2203 2689 2240 z
2728 2184 2737 2256 Ι

522 2275 589 2331 16
649 2277 850 2335 ανεωξε
905 2274 955 2328 D
1019 2273 1286 2343 [superest
1345 2274 1512 2344 ανεω]
1573 2289 1659 2337 m,
1738 2276 1971 2335 ανεωξεν
2030 2276 2103 2338 rt,
2177 2276 2407 2340 ηνεωξεν
2462 2271 2557 2325 ΑΕ
2574 2313 2588 2336 ,
2648 2290 2743 2325 και

522 2364 726 2423 ανεωξε
763 2375 822 2414 cz

664 2449 695 2503 1
725 2448 936 2521 θυριδα
965 2443 1201 2511 AEabct,
1239 2451 1420 2521 θυραν
1454 2461 1568 2501 mrz
1588 2486 1601 2499 .
1636 2444 1696 2499 in
1720 2445 1963 2516 margine
1985 2442 2021 2500 b
2068 2484 2108 2514 „
2120 2445 2353 2519 θυριδα]
2395 2443 2479 2501 sta
2501 2445 2590 2500 LI.)
2611 2445 2741 2502 U'U.

521 2535 790 2589 Iohannes
825 2535 1240 2605 Chrysostomus
1275 2537 1332 2588 et
1353 2533 1450 2589 AA
1474 2534 1562 2589 LL
1600 2538 1826 2609 θυραν“
1858 2535 1867 2604 Ι
1899 2536 1929 2589 1
1957 2549 2220 2601 εποιησεν
2234 2532 2358 2589 ΑΕι·
2388 2534 2397 2603 Ι
2430 2534 2459 2587 1
2486 2551 2745 2588 απεστει-

524 2624 619 2675 λεν
651 2620 747 2676 AD
789 2623 1056 2691 [superest
1091 2621 1328 2691 στειλεν]
1370 2621 1414 2674 Ε
1458 2623 1467 2687 Ι
1497 2622 1532 2675 2
1567 2622 1694 2689 post
1726 2640 1936 2695 κορακα
1973 2622 2039 2688 -Ι-
2069 2640 2167 2673 του
2201 2620 2348 2674 ιδειν
2385 2638 2432 2673 ει
2470 2638 2747 2675 κεκοπακε

523 2727 586 2761 το
624 2708 772 2778 υδωρ
808 2707 855 2762 Α
897 2709 1011 2780 [qui
1045 2724 1356 2762 κεκοπακεν
1404 2708 1649 2784 praebet]
1692 2708 1742 2761 D
1782 2708 1945 2774 [teste
1984 2705 2184 2761 Grabio
2200 2747 2214 2771 ,
2263 2706 2373 2761 nisi
2408 2704 2550 2777 quod
2586 2724 2744 2760 κεκο-

525 2811 708 2847 πακεν
739 2794 907 2849 fuisse
937 2797 1192 2850 testatus:
1239 2796 1486 2862 superest
1519 2794 1817 2860 κεκοπακε]
1868 2795 1983 2847 amt
1998 2830 2011 2855 ,
2050 2795 2116 2861 -Ι-
2154 2793 2303 2847 odem!
2350 2811 2397 2847 ει
2434 2812 2747 2849 κεκοπακεν

523 2899 586 2933 το
625 2880 772 2954 υδωρ
807 2882 852 2935 Ε
873 2922 886 2945 ,
942 2882 1024 2936 sta
1063 2898 1148 2937 etz
1181 2880 1290 2935 nisi
1328 2880 1470 2950 quod
1505 2897 1781 2933 κεκοπακε
1820 2882 1829 2945 Ι
1884 2879 1917 2932 2
1954 2899 2055 2932 ουκ
2090 2890 2425 2953 ανεστρεψεν
2461 2877 2581 2943 boz,
2642 2898 2750 2949 ουχ

528 2978 875 3040 υπεστρεψεν
886 2967 1195 3039 ΑΒΕαωῐΐιΙ
1216 2968 1250 3021 2
1278 2987 1342 3020 ov
1358 2967 1476 3021 1000
1499 2986 1597 3020 του
1616 2967 1666 3021 D
1682 2968 1823 3021 teste
1840 2964 2038 3021 Grabio
2062 2967 2069 3033 Ι
2092 2966 2127 3019 3
2151 2968 2277 3034 post
2302 2986 2415 3019 απο
2436 2968 2501 3034 -Ι-
2522 2982 2750 3037 προσω-

525 3070 638 3106 που
661 3069 690 3107 ο
719 3055 728 3120 Ι
759 3054 794 3107 3
819 3057 1107 3108 απεστειλε
1132 3054 1308 3117 abmt,
1347 3055 1675 3107 απεστειλεν
1694 3052 1768 3117 Α,
1796 3054 2180 3113 εξαπεοτειλεν
2196 3051 2259 3116 Ε,
2288 3055 2637 3113 εξαπεστειλε
2656 3068 2715 3105 oz
2736 3053 2743 3119 Ι

525 3139 560 3191 3
582 3138 699 3192 loco
724 3154 904 3192 οπισω
927 3155 959 3193 z
993 3156 1108 3215 παρ
1139 3144 1148 3207 Ι
1178 3142 1215 3195 4
1237 3142 1362 3209 post
1385 3159 1555 3193 αυτου
1587 3142 1647 3204 -Ι-
1668 3158 1766 3192 του
1789 3142 1817 3193 t
1846 3140 1855 3205 Ι
1883 3138 1921 3193 4
1944 3156 2223 3193 κεκοπακε
2248 3138 2397 3203 ahaz,
2438 3156 2751 3195 κεκοπακεν

523 3223 623 3279 ΑΙ)
644 3224 913 3295 [superest
932 3228 1195 3297 κοπακεν]
1222 3228 1310 3290 Er,
1339 3241 1580 3281 εκοπασε
1597 3228 1680 3280 mt
1711 3228 1719 3291 Ι
1750 3226 1787 3279 4
1806 3229 1933 3294 post
1956 3243 2069 3279 απο
2089 3228 2157 3295 -Ι-
2178 3240 2485 3299 προσωπου
2504 3227 2554 3281 D
2586 3228 2749 3294 [teste

526 3308 749 3381 Grabio]
786 3312 996 3367 Ecmrtz
1028 3314 1037 3379 Ι
1067 3312 1155 3384 417
1199 3330 1333 3384 quae
1373 3314 1516 3368 inter
1548 3333 1643 3366 και
1681 3312 1717 3367 4
1750 3315 1809 3367 et
1840 3331 1940 3383 γης
1963 3314 1994 3367 7
2026 3313 2205 3367 media
2236 3312 2321 3367 bis
2360 3312 2562 3382 scripta.
2596 3314 2655 3367 in
2680 3332 2707 3367 z
2737 3312 2747 3383 Ι

529 3400 566 3453 4
597 3418 702 3467 ουχ
736 3397 1068 3464 AEabmrtz,
1118 3422 1198 3472 μη
1233 3416 1263 3455 ο
1301 3403 1312 3467 Ι
1369 3401 1402 3455 5
1439 3411 1739 3476 ανεστρεψε
1774 3398 1873 3464 ab,
1926 3409 2265 3475 ανεστρεψεν
2303 3399 2380 3463 Α,
2430 3411 2752 3471 υπεστρεψε

527 3487 731 3549 mrt’z,
782 3497 1129 3557 υπεστρεψεν
1162 3486 1315 3541 DEot
1345 3491 1354 3554 Ι
1393 3488 1481 3552 617
1519 3503 1637 3539 παν
1681 3505 1742 3539 το
1778 3501 2086 3560 προσωπον
2120 3485 2357 3551 abcmtz,
2406 3504 2580 3539 παντι
2614 3504 2752 3556 προ-

529 3587 700 3625 σωπω
724 3570 822 3626 AD
842 3572 1007 3642 [teste
1032 3570 1254 3629 Grabio:
1291 3575 1536 3642 superest
1551 3574 1746 3643 σωπω]
1763 3572 1836 3626 Er
1866 3575 1875 3640 Ι
1908 3572 1939 3626 7
1977 3574 2105 3627 ante
2124 3591 2217 3639 της
2240 3574 2306 3640 -Ι-
2332 3586 2513 3639 πασης
2528 3572 2710 3626 ADEa
2738 3571 2749 3643 Ι

532 3657 563 3711 7
599 3659 726 3726 post
751 3676 918 3732 χειρα
944 3661 1010 3727 -Ι-
1031 3680 1200 3713 αυτου
1223 3659 1519 3714 ΑΕεοιηι-ίῑῑ
1557 3662 1743 3713 eontra
1776 3658 1839 3714 b:
1875 3674 2047 3729 neque
2080 3659 2137 3713 in
2174 3660 2224 3713 D
2260 3656 2476 3713 uidetur
2512 3658 2753 3713 adfuisse

529 3747 716 3799 contra
753 3760 910 3815 quam
948 3746 1182 3801 testatur
1217 3746 1447 3802 Grabius
1479 3749 1486 3815 Ι
1520 3746 1607 3817 718
1646 3761 1909 3816 εισηγαγε
1949 3762 2005 3799 m
2054 3747 2241 3799 contra
2275 3744 2513 3815 reliquos
2561 3745 2755 3816 [etiam

529 3832 604 3901 D]
655 3833 664 3901 Ι
721 3831 756 3885 8
799 3850 974 3899 αυτην
1007 3843 1075 3893 >
1113 3833 1215 3886 Em
1268 3835 1276 3898 Ι
1331 3832 1366 3887 8
1398 3850 1536 3905 προς
1572 3850 1768 3886 εαυτον
1800 3830 2021 3896 Abmrt,
2061 3842 2129 3891 >
2168 3847 2225 3895 a,
2286 3830 2427 3903 πρὸς
2461 3832 2629 3886 ἀυτον
2674 3848 2749 3897 oz,

529 3937 666 3991 προς
707 3937 879 3973 αυτον
912 3918 1008 3973 ΕΙ)
1047 3918 1162 3988 [unz
1203 3958 1236 3983 ‚‚
1253 3937 1422 3972 oevrm·
1463 3918 1749 3973 recentiori
1785 3934 1951 3973 manu
1986 3918 2261 3987 scriptm,
2298 3917 2395 3972 sed
2430 3918 2571 3972 forto
2603 3917 2758 3973 ium

528 4004 764 4074 uestigia
789 4004 1135 4073 antiquarum
1151 4004 1498 4075 literarum“]
1535 4007 1544 4073 Ι
1573 4006 1608 4059 9
1628 4023 1834 4081 ημερας
1861 4022 1999 4059 ema
2017 4004 2234 4070 Aabmt‚
2271 4022 2411 4058 επτα
2439 4022 2653 4078 ημερας
2680 4022 2755 4071 oz,

533 4092 564 4152 ζ
593 4110 802 4163 ημερας
836 4110 865 4145 1·
895 4093 904 4157 Ι
936 4092 969 4146 9
1003 4109 1192 4163 ετερας
1226 4101 1294 4151 >
1329 4093 1434 4156 mt,
1484 4110 1669 4165 ετερας
1706 4096 1881 4145 παλιν
1915 4102 1983 4151 >
2026 4108 2085 4145 cz
2132 4093 2141 4159 Ι
2190 4092 2225 4145 9
2264 4094 2649 4154 εξαπεστειλεν
2689 4091 2756 4157 A,

535 4178 921 4237 εξαποστειλεν
947 4176 993 4231 Ε
1024 4177 1034 4244 Ι
1067 4178 1133 4232 10
1171 4189 1471 4250 ανεστρεψε
1505 4177 1681 4233 abmtz
1698 4218 1711 4243 ,
1750 4188 2089 4253 ανεστρεψεν
2126 4177 2246 4242 ΑΕ,
2286 4188 2595 4251 απεστρεψε
2632 4193 2689 4233 01·
2744 4178 2753 4248 Ι

534 4264 603 4316 10
633 4282 666 4329 η
704 4263 1148 4339 περιστερα>Ε
1179 4266 1189 4329 Ι
1223 4264 1288 4318 11
1313 4284 1374 4317 το
1401 4265 1538 4325 >D
1577 4264 1743 4334 [teste
1765 4262 1988 4333 Grabio]
2026 4266 2195 4327 mrtz,
2234 4283 2300 4317 το
2338 4280 2483 4338 προς
2518 4278 2761 4338 εσπεραν

531 4356 600 4407 >
625 4364 654 4400 c
687 4351 697 4415 Ι
727 4351 792 4404 11
826 4366 976 4419 ειχεν
1009 4350 1243 4404 AEemrt
1271 4351 1280 4419 Ι
1313 4352 1378 4405 11
1405 4352 1623 4422 ‹pul-lov
1660 4352 1847 4408 ελαιας
1868 4347 2143 4413 AEabcrz‚
2184 4352 2372 4408 ελαιας
2416 4352 2633 4421 φυλλον
2657 4352 2758 4403 mt.

529 4432 590 4487 in
637 4434 882 4503 margine
916 4452 945 4488 r
992 4436 1063 4490 ad
1111 4438 1346 4511 καρφος’
1381 4434 1706 4491 adscribitur
1752 4438 1971 4489 θαλλον
2041 4426 2055 4431 ”
