3169 4941
576 449 648 519 96

577 629 700 701 filii
747 631 982 697 Israhel
1041 635 1113 698 de
1165 638 1332 698 terra
1390 633 1671 720 Aeyypti.
1776 653 1961 718 super
2020 653 2143 718 quo
2198 635 2471 720 capitulo
2531 643 2803 720 paruum
2841 643 2873 701 1

576 735 874 802 uolumen
916 733 1240 803 edidimus,

750 843 904 905 Eece
933 845 1221 923 conclusit
1264 864 1358 906 me
1387 843 1680 922 dominus,
1726 847 1791 907 ut
1831 865 1946 907 non
1984 847 2257 928 pariam:
2301 841 2615 926 inyredere
2654 865 2798 926 erqo

575 945 654 1008 acl
693 947 975 1009 ancilla-m
1025 966 1249 1024 meam,
1307 952 1377 1010 ut
1419 949 1667 1011 habeam
1703 947 1881 1028 filios
1938 969 2015 1010 ex
2059 969 2145 1011 ea.
2250 945 2584 1031 diligenter
2646 948 2800 1011 nota

576 1048 740 1132 quod
782 1048 1134 1132 procreatio
1178 1048 1455 1114 filiorum
1508 1037 1576 1114 in
1634 1049 1903 1116 hebraeo
1952 1049 2301 1116 aedificatio
2368 1049 2605 1134 scripta
2664 1051 2796 1116 est:
2834 1059 2871 1114 5

571 1151 807 1236 legitur
867 1153 1034 1218 enim
1091 1153 1184 1218 ibi
1227 1155 1536 1236 inyredere
1583 1156 1665 1219 ad
1720 1157 2005 1219 ancillam
2063 1176 2255 1219 meam
2268 1205 2286 1233 ,
2349 1159 2411 1217 si
2462 1177 2576 1239 quo
2622 1155 2795 1219 modo

571 1256 850 1337 aedzfl'oer
889 1279 970 1321 ew
1009 1278 1098 1321 ea.
1200 1258 1264 1322 et
1308 1275 1385 1322 ne
1430 1257 1592 1323 forte
1653 1260 1774 1323 hoc
1816 1259 1932 1337 sit,
1994 1257 2161 1341 quod
2202 1258 2270 1322 in
2314 1255 2527 1324 Exodo
2564 1257 2795 1324 dicitur

573 1359 873 1424 benedixit
916 1362 1062 1424 deus
1103 1364 1517 1426 obstetricibus
1531 1414 1548 1442 ,
1594 1367 1651 1426 et
1696 1363 2161 1444 aedzfloauerunt
2202 1365 2323 1426 sibi
2362 1363 2581 1426 domos·

746 1467 831 1528 Et
871 1467 1100 1530 inuenit
1139 1485 1269 1529 eam
1313 1467 1562 1549 anyelus
1604 1467 1837 1531 domini
1875 1487 2055 1551 super
2091 1466 2318 1546 fontem
2362 1487 2550 1549 aquae
2590 1469 2656 1529 in
2698 1463 2795 1529 cle-

569 1572 725 1632 serto
777 1569 856 1632 ad
891 1570 1130 1649 sontem
1188 1574 1252 1632 in
1301 1575 1406 1633 uia
1447 1571 1589 1634 Sur.
1622 1571 1638 1652 j
1695 1570 2146 1652 consequenter
2187 1567 2506 1652 Aegyptia
2559 1567 2627 1633 in
2686 1569 2795 1635 uia
2834 1577 2907 1632 10

571 1669 723 1749 Sur,
772 1690 928 1754 quae
971 1690 1082 1753 per
1124 1671 1454 1738 heremum
1499 1672 1672 1738 ducit
1716 1673 1795 1738 ad
1840 1672 2235 1758 Aegyptum,
2280 1674 2371 1737 ire
2416 1673 2772 1739 festinabat.

743 1777 826 1840 Et
864 1780 1107 1840 uocauit
1149 1799 1359 1840 nomen
1410 1782 1541 1841 eius
1581 1779 1845 1841 Ismahel
1861 1828 1878 1856 ,
1933 1782 2077 1862 quia
2131 1779 2449 1842 exaudiuit
2492 1777 2639 1841 deus
2678 1779 2792 1841 ku-

573 1883 888 1944 mititatem
934 1900 1145 1945 meam.
1236 1879 1514 1946 Ismahel
1550 1879 2003 1965 interpretatur
2047 1879 2359 1947 exauditio
2408 1880 2523 1946 dei.

743 1985 870 2048 Hic
925 1987 1041 2049 erit
1112 1989 1380 2049 rusticus
1442 1988 1650 2048 homo:
1723 2007 1936 2048 manus
1994 1989 2125 2049 eius
2187 2005 2369 2070 super
2425 2005 2653 2064 omne-3,
2734 1990 2794 2049 et

568 2108 780 2151 manus
823 2092 1088 2151 omnium
1132 2109 1314 2172 super
1356 2109 1526 2152 eum:
1579 2093 1638 2152 et
1684 2094 1889 2152 contra
1926 2089 2159 2170 faciem
2201 2094 2464 2153 omnium
2505 2090 2790 2169 fratrum
2830 2096 2901 2151 15

565 2209 812 2255 suorum
867 2193 1169 2255 habitabit.
1223 2259 1230 2264 ,
1285 2210 1400 2273 pro
1462 2191 1699 2257 rustico
1761 2192 2067 2275 scriptum
2137 2191 2330 2257 habet
2382 2192 2452 2255 in
2516 2190 2787 2256 hebraeo

548 2296 737 2377 fara,
813 2294 980 2376 quod
1038 2293 1491 2379 interpretatur
1549 2313 1801 2380 onager.
1922 2293 2235 2379 significat
2305 2295 2519 2361 autem
2561 2312 2789 2360 ‚semen

569 2399 702 2464 eius
745 2399 1179 2464 habitaturum
1221 2397 1289 2462 in
1334 2399 1618 2478 herem0,
1664 2399 1731 2464 id
1772 2401 1869 2464 est
1914 2397 2289 2465 Sarracenos
2333 2417 2532 2483 uagos
2578 2398 2786 2464 incer-

565 2504 771 2586 tisque
827 2502 1076 2569 sedibus
1098 2555 1113 2584 ,
1174 2502 1279 2586 qui
1341 2503 1670 2569 uniuersas
1727 2506 1947 2589 gentes
1970 2554 1985 2582 ‚
2044 2503 2269 2586 quibus
2332 2504 2649 2569 desertum
2709 2524 2784 2569 ex

563 2607 762 2675 latere
805 2607 1090 2693 iungitur
1106 2656 1121 2686 ‚
1183 2606 1506 2673 incursant
1521 2657 1536 2684 ‚
1595 2610 1659 2673 et
1700 2608 2132 2692 inpugnantur
2168 2608 2245 2673 ab
2291 2608 2595 2673 omnibus,
2820 2637 2895 2691 20

738 2714 822 2776 Et
873 2714 1108 2776 locutus
1151 2718 1236 2775 est
1279 2717 1340 2775 ei
1397 2712 1599 2776 dicens
1640 2716 1793 2776 Ecce
1846 2717 2257 2777 testamentum
2311 2734 2509 2777 meum
2567 2718 2781 2791 tecum,

563 2822 620 2880 et
673 2820 797 2880 eris
848 2821 1032 2901 pater
1089 2814 1498 2879 multitudinis
1557 2821 1828 2899 yentium
1845 2866 1861 2895 ,
1930 2822 1987 2880 et
2052 2838 2166 2880 non
2216 2820 2534 2882 uocabitur
2590 2818 2783 2880 adhuc

562 2942 770 2984 nomen
835 2924 1007 2983 tuum
1048 2919 1315 2999 Abram,
1387 2920 1491 2983 sed
1556 2924 1675 2983 erit
1732 2942 1940 2983 nomen
1988 2926 2162 2984 tuum
2221 2919 2533 2984 Abraham
2553 2970 2569 2999 ,
2639 2925 2783 3003 quia

551 3004 790 3107 ‘patrem
857 3024 1193 3087 multarum
1255 3027 1526 3106 yentium
1579 3029 1771 3108 posui
1820 3029 1890 3087 te.
2007 3022 2354 3089 notandum
2428 3023 2592 3107 quod
2636 3024 2780 3090 ubi-

562 3145 827 3209 cumque
882 3124 951 3190 in
1005 3144 1231 3211 graeco
1302 3127 1755 3191 testamentum
1819 3126 2126 3210 legimus,
2218 3127 2309 3193 ibi
2378 3127 2447 3193 in
2505 3128 2779 3193 hebraeo
2821 3146 2897 3203 25
3018 3180 3025 3187 .

562 3249 847 3295 sermone
915 3230 1000 3294 sit
1058 3229 1277 3295 foedus
1359 3231 1492 3296 siue
1553 3232 1844 3315 pactum,
1942 3230 2009 3294 id
2063 3233 2160 3297 est
2238 3234 2447 3296 berith.
2564 3232 2783 3297 dieunt

561 3334 776 3400 autem
818 3334 1097 3400 Hebraei
1139 3334 1305 3417 quod
1348 3354 1422 3400 ex
1479 3335 1731 3399 nomine
1790 3352 1901 3400 suo
1950 3334 2100 3400 deus
2119 3383 2135 3413 ‚
2193 3335 2358 3419 quod
2416 3333 2580 3420 apud
2632 3333 2781 3399 illos

559 3440 1086 3522 tetragrammum
1127 3441 1256 3517 est,
1312 3440 1393 3504 he
1450 3439 1703 3505 literam
1746 3438 2043 3505 Abrahae
2090 3432 2167 3505 et'
2200 3438 2393 3505 Sarae
2430 3437 2782 3504 addiderit:

560 3542 884 3610 dicebatur
951 3544 1118 3609 enim
1185 3544 1460 3627 primum
1519 3542 1764 3609 Abram
1782 3593 1797 3622 ‚
1874 3542 2039 3627 quod
2091 3543 2547 3626 interpretatur
2598 3543 2781 3627 pater

561 3646 874 3726 exceISUS‚
929 3650 995 3713 et
1037 3648 1256 3732 postea
1298 3648 1564 3713 uocatus
1621 3649 1717 3712 est
1761 3646 2115 3727 Abraham,
2175 3645 2341 3730 quod
2400 3647 2783 3713 transfertur
2822 3670 2899 3725 30

697 3829 731 3883 3
773 3830 935 3879 Genes
973 3826 1055 3891 16,
1098 3826 1172 3895 21
1213 3826 1248 3879 8
1286 3826 1436 3877 Exod
1472 3827 1518 3889 1,
1551 3824 1619 3881 21
1662 3824 1673 3895 Ι
1714 3827 1747 3882 9
1785 3828 1948 3878 Genes
1982 3828 2066 3894 16,
2093 3828 2123 3880 7
2170 3826 2179 3896 Ι
2225 3826 2294 3881 12
2330 3830 2494 3879 Genea
2533 3826 2617 3889 16,
2659 3827 2724 3881 11
2769 3825 2777 3897 Ι

559 3914 628 3970 14
663 3914 773 3967 Gen
808 3914 888 3976 16,
926 3912 993 3969 12
1025 3913 1034 3980 Ι
1063 3913 1130 3967 21
1171 3912 1280 3964 Gen
1318 3913 1400 3977 17,
1439 3913 1615 3967 3-5

698 4065 730 4118 7
767 4064 885 4114 uide
923 4062 989 4129 -Ι-
1020 4070 1132 4123 pose
1165 4066 1217 4112 et
1251 4078 1287 4122 ς
1331 4058 1340 4128 Ι
1388 4062 1418 4114 ’1
1457 4060 1655 4111 exhodo
1686 4079 1731 4131 φ
1784 4058 1795 4129 Ι
1854 4060 1916 4114 11
1956 4062 2021 4111 ad
2055 4066 2299 4129 egyptum
2334 4062 2411 4112 ire
2446 4062 2501 4113 in
2538 4066 2783 4129 egyptum

553 4152 825 4203 festinabat
865 4170 909 4221 φ
941 4148 950 4216 Ι
982 4148 1050 4204 16
1085 4148 1142 4197 in
1172 4148 1393 4198 hebraeo
1429 4148 1679 4211 scriptum
1711 4148 1865 4198 habet
1898 4166 1971 4216 φ,
2004 4148 2253 4212 scriptum
2288 4153 2366 4199 eet
2400 4148 2454 4197 in
2485 4148 2673 4198 hebreo
2704 4153 2741 4213 β
2770 4146 2779 4217 Ι

557 4239 623 4293 17
666 4238 777 4288 fara
815 4254 934 4306 μφ,
984 4236 1129 4286 faran
1167 4239 1264 4301 βγ,
1314 4250 1516 4299 quorum
1561 4250 1597 4283 n
1648 4250 1673 4283 e
1717 4237 1848 4284 linea
1896 4242 2053 4283 ortum
2104 4238 2305 4285 uidetur
2353 4250 2503 4297 cuper
2549 4237 2785 4286 uocabula

553 4327 812 4389 peroqn'na
850 4325 1000 4387 pinqi
1037 4324 1184 4371 solita
1224 4318 1234 4388 Ι
1279 4321 1348 4375 18
1385 4334 1652 4371 εαταοοτιοε
1686 4338 1732 4389 φ
1777 4317 1787 4387 Ι
1832 4319 1901 4373 20
1936 4320 2253 4371 incursantes
2288 4321 2643 4387 inpugnantur
2678 4338 2727 4390 φ
2768 4319 2779 4392 Ι

555 4410 624 4464 21
661 4408 894 4459 dominus
931 4408 995 4474 -Ι-
1022 4416 1140 4471 post
1171 4406 1221 4456 ei
1256 4422 1292 4467 ς
1328 4414 1502 4457 eontra
1535 4412 1659 4475 βγφ
1686 4404 1697 4475 Ι
1728 4406 1797 4461 25
1837 4404 2075 4457 hebraico
2114 4425 2160 4477 φ
2191 4406 2201 4476 Ι
2230 4405 2303 4461 28
2338 4420 2509 4459 same
2545 4422 2591 4478 φ
