3169 4941
525 415 603 474 40
757 479 762 484 ⁸
1469 409 1699 466 Genesis
1739 411 1826 466 11.

528 598 645 667 σης
684 580 800 666 τῆς
837 579 982 663 γῆς,
1034 597 1150 640 και
1187 569 1446 638 ἐκεῖθεν
1491 519 1863 658 διέσπειρεν
1904 560 2139 646 αὖτοὺς
2173 561 2393 656 κύριος
2426 564 2549 636 ἐπὶ
2586 563 2759 655 πρό-
2800 591 2827 636 1

531 705 760 750 σωπον
799 673 1020 768 πάσης
1058 679 1172 765 τῆς
1209 681 1340 766 γῆς
1423 674 1611 742 10καὶ
1650 664 1842 740 αὗται
1884 669 1955 740 αἳ
1999 670 2283 760 γενέσεις
2319 666 2478 763 Σήμ.
2545 669 2659 739 καὶ
2686 665 2764 760 ἦν

528 785 672 874 Σὴμ
723 777 861 862 υιὸς
901 777 1134 848 ἑκατὸν
1177 777 1434 863 &aas
1406 775 1518 849 ότε
1557 777 1853 867 ἐγέννησε
1893 775 2011 845 τὸν
2032 770 2402 866 Ἀρφαξάδ,
2464 774 2776 904 δευτέρουι

533 887 718 967 ετους
753 883 918 970 μετὰ
953 883 1066 951 τὸν
1102 878 1573 967 κατακλυσμόν.
1655 887 1715 926 ¹²
1728 880 1841 949 καὶ
1888 877 2073 970 ἔζησε
2107 879 2247 970 Σὴμ
2295 878 2457 964 μετὰ
2478 879 2581 950 τὸ
2622 903 2763 966 γεν-

530 996 719 1080 νῆσαι
773 985 968 1056 αὐτὸν
1020 986 1138 1054 τὸν
1174 983 1510 1076 Ἀρφαξὰδ
1576 982 1689 1074 ἐτη
1748 981 2182 1067 πεντακόσια,
2250 983 2367 1052 καὶ
2434 981 2781 1072 ἐγέννησεν
2800 1007 2833 1053 5

529 1090 708 1174 υἱοὺς
747 1091 862 1160 καὶ
901 1091 1268 1180 θυγατέρας
1281 1143 1298 1174 ,
1359 1089 1470 1158 καὶ
1522 1086 1850 1157 ἀπέθανε.
1938 1091 1998 1131 ²²
2011 1086 2125 1154 καὶ
2176 1084 2397 1176 ἔζησεν
2428 1084 2765 1177 Λρφαξαδ

532 1194 764 1266 ἑκατὸν
802 1193 1346 1285 τριακονταπέντε
1398 1191 1510 1283 ἔτη
1565 1192 1681 1260 καὶ
1720 1192 2015 1282 ἐγέννησε
2057 1191 2171 1260 τὸν
2222 1196 2497 1259 Καινᾶν.
2580 1193 2639 1235 ¹⁸
2652 1190 2767 1259 καὶ

533 1299 754 1391 ἔζησεν
785 1297 1124 1388 ,Ἀρφαξὰδ
1162 1295 1328 1383 μετα
1365 1295 1444 1366 τὸ
1482 1299 1777 1386 γεννῆσαι
1822 1288 2015 1364 αὐτὸν
2066 1295 2181 1364 τὸν
2220 1299 2477 1364 Καινᾶν
2516 1321 2627 1386 ετη
2664 1319 2766 1362 τε-

535 1402 853 1494 τρακόσια
867 1455 885 1487 ,
946 1401 1060 1468 καὶ
1109 1400 1434 1489 ἐγέννησεν
1483 1396 1665 1480 υιούς
1704 1398 1819 1466 καὶ
1854 1398 2250 1488 θυγατέρας,
2296 1399 2411 1466 καὶ
2447 1395 2767 1467 unwan.

539 1506 650 1579 καὶ
692 1505 874 1597 ἔζησε
915 1508 1172 1572 Καινᾶν
1213 1501 1444 1572 εκατὸν
1483 1502 1595 1571 καὶ
1631 1499 1975 1592 τριάκοντα
2016 1501 2127 1591 ἔτη
2166 1503 2277 1570 καὶ
2320 1489 2613 1592 ἔγέννησὲ
2650 1501 2767 1570 τὸν
2808 1519 2875 1564 120

537 1608 735 1680 Σαλά.
808 1609 922 1680 καὶ
978 1607 1166 1700 ἔζησε
1208 1613 1466 1677 Καινᾶν
1509 1606 1676 1694 μετὰ
1726 1607 1805 1676 τὸ
1861 1611 2159 1697 γεννῆσαι
2198 1604 2390 1674 αὐτὸν
2431 1605 2545 1674 τὸν
2590 1606 2771 1674 Σαλὰ

538 1713 652 1804 ἐτη
690 1709 1035 1804 τριακόσια
1073 1708 1419 1802 τριάκοντα
1436 1765 1454 1796 ,
1497 1711 1610 1779 καὶ
1653 1710 1983 1801 ἐγέννησεν
2018 1707 2200 1791 υιούς
2238 1709 2351 1778 καὶ
2380 1709 2769 1799 θυγατέρας,

540 1817 655 1884 καὶ
713 1815 1036 1886 ἀπέθανε.
1119 1821 1179 1860 ¹⁴
1192 1816 1304 1884 καὶ
1357 1813 1544 1904 ἔζησε
1597 1815 1776 1883 Zaa&
1830 1811 2063 1882 ἑκατὸν
2112 1813 2463 1902 τριάκοντα
2502 1810 2614 1904 ἐτη
2656 1814 2771 1882 καὶ

540 1919 830 2012 ἐγέννησε
869 1919 981 1988 τὸν
1003 1918 1218 2009 Ἔβερ.
1311 1923 1370 1962 ¹⁵
1383 1917 1498 1986 καὶ
1537 1915 1721 2008 ἔζησε
1758 1915 1939 1986 Σαλᾶ
1974 1917 2141 2004 μετὰ
2179 1918 2258 1985 τὸ
2301 1922 2601 2008 γεννῆσαι
2650 1911 2771 1986 αὗ-

539 2024 656 2095 τὸν
700 2024 813 2092 τὸν
835 2022 1032 2112 “Ἐβερ
1073 2017 1418 2112 τριακόσια
1463 2021 1805 2112 τριάκοντα
1870 2018 2009 2111 ἔτη,
2071 2020 2184 2088 καὶ
2229 2019 2553 2112 ἐγέννησεν
2593 2017 2777 2100 υἱοὺς
2812 2043 2877 2089 15

688 2179 722 2232 l
773 2181 903 2234 ante
956 2197 1144 2254 κυριος
1184 2181 1245 2244 -Ι-
1282 2198 1314 2231 ο
1350 2194 1408 2233 0:
1461 2180 1590 2248 post
1624 2196 1810 2252 κυριος
1861 2179 1922 2242 -Ι-
1962 2196 1993 2228 ο
2030 2181 2161 2236 θεος
2204 2175 2305 2231 AD
2346 2176 2511 2246 [testo
2548 2174 2773 2246 Grabio]

545 2265 736 2332 143112
767 2285 862 2321 και
897 2264 1050 2336 prius
1083 2275 1199 2326 >r
1233 2265 1242 2332 Ι
1273 2264 1308 2318 2
1350 2283 1444 2318 και
1481 2283 1550 2331 ην
1584 2263 1771 2324 >AD
1810 2264 1976 2333 [teste
2014 2259 2236 2333 Grabio]
2272 2263 2493 2331 Emrtz}
2534 2262 2623 2333 213
2658 2262 2777 2318 1000

545 2372 640 2408 xm
683 2372 753 2420 ην
801 2368 919 2425 σημ,
962 2367 993 2406 ο
1034 2368 1150 2424 σημ
1200 2352 1264 2406 δε
1313 2369 1382 2419 ην
1435 2351 1446 2421 Ι
1499 2353 1536 2408 3
1573 2370 1691 2410 υιος
1724 2361 1793 2411 >
1828 2366 1898 2420 ay
1950 2350 1960 2418 Ι
2014 2350 2049 2404 3
2083 2367 2279 2403 εκατον
2324 2366 2459 2402 ετων
2504 2349 2779 2413 Eabcmrt,

545 2460 578 2515 ρ
615 2456 753 2497 ετων
785 2455 843 2505 z,
881 2456 1022 2496 ετων
1055 2455 1256 2493 εκατον
1291 2437 1341 2493 A
1370 2437 1379 2508 Ι
1418 2439 1454 2494 3
1492 2451 1789 2508 εγεννησεν
1823 2434 1973 2491 AErt
2008 2434 2259 2506 [t⁹=b]
2292 2435 2301 2507 Ι
2345 2435 2382 2491 4
2418 2439 2607 2505 εζησεν
2630 2435 2781 2492 AErt

548 2525 795 2596 [t²=b]
827 2526 837 2597 Ι
867 2526 900 2580 5
927 2543 1100 2579 αυτον
1133 2523 1432 2589 AEbcmrt,
1469 2523 1619 2591 αὑτῷ
1658 2531 1926 2593 αγ“’“ῐ’“,
1946 2533 2013 2581 >
2034 2541 2062 2576 z
2093 2523 2105 2592 Ι
2135 2522 2168 2576 5
2206 2540 2294 2590 ετη
2329 2538 2668 2577 πεντακοσια
2700 2522 2783 2589 bo,

549 2629 642 2679 ετη
667 2632 712 2683 φ
739 2629 798 2677 z,
831 2625 1172 2665 πεντακοσια
1211 2630 1302 2677 ετη
1331 2610 1432 2665 AD
1467 2610 1633 2680 [teste
1671 2608 1893 2679 Grabio]
1925 2610 2104 2674 Emrt,
2146 2627 2316 2663 πεντε
2350 2630 2446 2664 και
2481 2628 2782 2681 τριακοντα

549 2717 646 2751 και
683 2711 980 2770 τριακοσια
1015 2714 1107 2763 ern
1131 2712 1200 2767 ay
1229 2697 1239 2767 Ι
1269 2698 1304 2751 6
1341 2702 1631 2750 απεθανεν
1660 2694 1895 2750 AEemrt
1934 2698 2110 2763 [t²=
2128 2695 2187 2765 b]
2232 2695 2241 2765 Ι
2294 2698 2329 2752 6
2366 2697 2627 2769 αρφαξαδ
2662 2700 2781 2764 εζη·

552 2800 652 2837 σεν
684 2800 714 2838 1·
743 2782 754 2850 Ι
785 2784 818 2837 7
857 2799 947 2851 ern
983 2800 1177 2837 εκατον
1213 2800 1520 2858 τριακοντα
1543 2782 1594 2836 D
1634 2782 1797 2851 [teste
1822 2780 2023 2837 Grabio
2036 2823 2049 2846 ,
2092 2784 2339 2863 sqperest
2372 2798 2515 2836 nuno
2545 2801 2611 2850 τη
2654 2802 2785 2838 exa-

553 2889 653 2924 τον
686 2871 956 2945 τριακον],
994 2887 1160 2923 πεντε
1197 2889 1292 2923 και
1329 2888 1631 2944 τριακοντα
1668 2885 1759 2937 ετη
1796 2870 1859 2935 Ε,
1898 2871 1995 2940 qui
2026 2870 2087 2925 in
2122 2870 2367 2939 margine
2404 2873 2533 2925 anto
2566 2888 2657 2938 ετη
2698 2872 2784 2926 in·

560 2957 696 3012 serit
741 2975 836 3009 και
872 2973 1096 3021 exuror,
1151 2972 1244 3023 ετη
1281 2972 1476 3009 εκατον
1506 2974 1973 3029 τριακονταπεντε
2008 2973 2066 3022 ε,
2126 2974 2293 3011 πεντε
2340 2976 2435 3010 και
2476 2974 2783 3031 τριακοντα

553 3058 648 3095 και
688 3059 886 3095 εκατον
933 3059 1024 3109 ετη
1075 3044 1184 3105 mt,
1250 3058 1417 3094 πεντε
1463 3060 1558 3095 και
1600 3060 1897 3115 τριακοντα
1944 3060 2035 3110 ετη
2090 3062 2186 3096 και
2224 3063 2257 3115 ρ
2292 3060 2350 3108 r,
2416 3060 2507 3109 ετη
2562 3045 2655 3115 ρλε
2688 3060 2719 3096 z
2770 3044 2779 3113 Ι

554 3128 587 3181 7
625 3142 918 3197 εγεννησεν
963 3126 1063 3181 AD
1099 3128 1372 3198 [superest
1419 3127 1502 3196 εν]
1552 3128 1628 3183 Ει·
1682 3130 1693 3196 Ι
1745 3130 1776 3184 7
1814 3131 1959 3182 σαλα
2010 3130 2127 3183 loeo
2178 3147 2379 3184 καιναν
2416 3146 2445 3183 r
2498 3129 2507 3198 Ι
2560 3129 2597 3184 8
2634 3128 2783 3198 αὐτῷ

555 3221 763 3278 a‚>z
819 3212 914 3280 18
949 3215 1093 3267 cala
1128 3213 1246 3267 1000
1281 3232 1484 3269 καιναν
1516 3214 1651 3281 1-18
1686 3230 1777 3281 ετη
1816 3222 1884 3273 >
1919 3214 2153 3285 r18s9
2190 3232 2289 3281 ετη
2322 3217 2387 3268 vl.
2424 3232 2451 3267 z
2494 3215 2503 3284 Ι
2568 3214 2657 3285 8l9
2691 3231 2779 3267 τε-

554 3315 830 3373 τρακοσια
847 3298 962 3355 Aba
977 3340 991 3364 ,
1025 3315 1318 3373 τριακοσια
1341 3299 1594 3371 Eamizy:
1631 3300 1697 3355 de
1726 3302 1777 3355 D
1814 3318 1922 3355 non
1956 3303 2195 3365 constat,
2236 3316 2401 3371 quum
2434 3301 2517 3357 nil
2548 3300 2785 3370 supersit

553 3385 662 3441 nisi
697 3401 897 3440 ακοσια
941 3388 950 3455 Ι
1005 3385 1092 3456 819
1124 3388 1252 3456 post
1283 3402 1609 3460 τετρακοσια
1651 3388 1716 3453 -Ι-
1749 3405 2045 3460 τριακοντα
2080 3386 2181 3441 AD
2221 3388 2494 3459 [superest
2526 3387 2779 3463 τριακον]

556 3471 722 3526 Eacm
746 3472 933 3543 [supra
951 3488 1168 3527 uersum
1191 3472 1368 3542 prima.
1405 3487 1570 3526 manu
1604 3472 1974 3543 praemittitm·
1996 3474 2113 3543 και]
2138 3490 2191 3544 y,
2228 3494 2321 3528 και
2349 3492 2647 3547 τριακοντα
2686 3491 2781 3539 ern

557 3559 622 3626 -Ι-
660 3576 705 3623 r,
732 3560 797 3627 -Ι-
823 3579 916 3614 και
939 3578 1231 3636 τριακοντα
1247 3561 1276 3614 t
1315 3559 1327 3629 Ι
1369 3560 1404 3615 9
1441 3565 1731 3613 απεθανεν
1757 3559 1938 3614 AEcrt
1956 3562 2042 3627 [1³²
2062 3586 2132 3607 =
2148 3559 2210 3628 b]
2228 3602 2241 3615 .
2278 3564 2406 3630 post
2427 3559 2529 3614 hoo
2548 3558 2782 3614 uocabu-

553 3644 670 3698 lum
688 3644 753 3712 -Ι-
774 3644 844 3698 E:
870 3646 1067 3701 desunt
1084 3662 1220 3716 quae
1237 3646 1380 3700 inter
1395 3665 1491 3699 και
1508 3645 1747 3715 primum
1769 3647 1837 3701 10
1868 3650 1925 3701 et
1940 3648 2221 3703 commatis
2238 3648 2433 3703 decimi
2448 3646 2601 3701 tertii
2616 3644 2783 3700 finem

552 3729 812 3799 leguntur
841 3734 851 3798 Ι
884 3733 952 3787 10
993 3734 1178 3799 εζησεν
1210 3732 1339 3788 ADr
1369 3732 1378 3801 Ι
1411 3733 1480 3788 10
1519 3750 1611 3800 ετη
1649 3751 1849 3787 εκατον
1878 3752 2173 3808 τριακοντα
2194 3734 2245 3789 D
2274 3734 2435 3803 [teste
2460 3730 2682 3800 Grabio]
2710 3734 2782 3796 ot,

557 3833 648 3883 ετη
686 3819 751 3891 ρλ
784 3833 869 3882 m,
917 3834 1009 3885 ετη
1043 3820 1152 3894 ρλθ
1185 3836 1244 3872 rz
1298 3819 1306 3888 Ι
1363 3818 1432 3875 10
1468 3838 1562 3872 και
1606 3818 1897 3875 secundum
1929 3830 1999 3879 >
2031 3818 2083 3874 A
2134 3820 2145 3891 Ι
2202 3822 2271 3876 10
2310 3834 2605 3889 εγεννησεν
2637 3816 2784 3882 ADr,

559 3918 852 3972 εγεννησαι
884 3905 913 3958 t
939 3902 950 3975 Ι
983 3904 1051 3960 11
1091 3907 1277 3972 εζησεν
1311 3903 1440 3960 ADr
1469 3905 1480 3973 Ι
1512 3905 1579 3960 11
1606 3924 1773 3959 αυτον
1803 3904 2101 3970 AEbcmrt,
2140 3907 2292 3975 αὐτῷ
2328 3922 2389 3971 a,
2414 3916 2483 3966 >
2502 3922 2530 3958 z
2560 3905 2570 3975 Ι
2601 3904 2671 3960 12
2693 3922 2784 3972 ετη

558 3993 700 4044 υλη
730 3990 741 4059 Ι
772 3992 841 4046 13
859 3996 1146 4045 απεθανεν
1177 3990 1368 4045 Aomrt
1405 3989 1653 4061 [t2=b]
1686 3996 1696 4059 Ι
1741 3994 1808 4047 13
1845 3995 2034 4060 εζησεν
2064 3991 2257 4057 AEvr,
2296 3994 2383 4059 εζη
2416 3991 2462 4046 Ε
2482 3997 2501 4029 ¹
2544 3994 2554 4059 Ι
2598 3992 2665 4047 13
2692 4008 2785 4057 ern

557 4094 752 4130 εκατον
788 4094 1084 4149 τριακοντα
1120 4077 1170 4131 D
1209 4077 1326 4148 [GR]
1362 4094 1418 4143 ο,
1461 4097 1759 4150 τριακοντα
1800 4097 1898 4132 και
1932 4096 2135 4132 εκατον
2173 4096 2262 4144 ετη
2296 4078 2451 4141 Emt,
2490 4096 2581 4145 ετη
2618 4080 2651 4131 ³.
2686 4095 2784 4131 και

557 4184 588 4237 ρ
624 4179 683 4226 r,
722 4180 813 4229 ετη
850 4164 918 4235 ρλ
947 4179 976 4215 z
1008 4166 1018 4230 Ι
1052 4164 1119 4217 14
1153 4154 1448 4234 εγεννησεν
1485 4163 1609 4219 AEr
1640 4165 1649 4232 Ι
1694 4164 1764 4219 14
1803 4166 1989 4232 εζησεν
2024 4163 2148 4218 ΑΕι·
2178 4166 2187 4234 Ι
2236 4162 2392 4234 14115
2426 4182 2595 4220 αυτον
2630 4173 2699 4223 >
2734 4180 2783 4226 z,

555 4247 700 4316 αὐτῷ
729 4264 762 4302 a
801 4248 810 4315 Ι
853 4247 922 4302 15
959 4265 1049 4316 ετη
1085 4266 1374 4323 τριακοσια
1413 4268 1705 4325 τριακοντα
1740 4249 1791 4304 D
1832 4250 1945 4319 [Gn]
1978 4266 2035 4313 o,
2092 4268 2183 4317 ετη
2220 4265 2551 4324 τετρακοσια
2584 4266 2783 4316 nemn-

557 4349 726 4385 κοντα
753 4332 797 4386 Ε
812 4371 829 4396 ,
890 4351 980 4401 ετη
1034 4351 1323 4411 τριακοσια
1376 4352 1723 4402 πεντηκοντα
1756 4337 1865 4399 mt,
1920 4356 1951 4389 τ
2001 4354 2096 4389 και
2139 4338 2171 4390 λ
2210 4353 2299 4403 ετη
2337 4351 2367 4389 r
2382 4374 2398 4401 ,
2464 4354 2554 4403 ετη
2589 4337 2653 4388 τ),
2689 4352 2719 4387 z
2772 4333 2781 4403 Ι

563 4415 685 4489 1511
719 4436 812 4471 και
848 4435 1144 4488 εγεννησεν
1182 4438 1335 4481 υιους
1370 4438 1460 4475 και
1496 4426 1804 4496 θυγατερας
1841 4430 1909 4481 >
1945 4437 1975 4476 0
