3169 4941
1344 416 1572 479 Genesis
1610 419 1699 475 27.
2530 424 2633 483 105

349 601 375 645 1
415 607 558 673 ριος
591 578 628 652 5
673 574 837 663 θεός
873 602 994 647 σου
1036 576 1323 648 ἐναντίον
1357 604 1500 665 μου.
1600 583 1658 624 ²²
1672 572 1821 648 εἶπε
1881 578 1955 659 δὲ
2004 573 2217 651 Ἰσαὰκ
2271 588 2367 671 τῷ
2402 577 2633 671 Ἰακώβ

411 680 710 774 Ἔγγισόν
750 709 867 770 μοι
909 683 1022 752 καὶ
1064 682 1450 773 ψηλαφήσω·
1477 706 1551 751 σε
1564 737 1582 768 ,
1629 682 1857 752 τέκνον
1872 738 1890 769 ,
1938 682 1997 752 εἰ
2039 685 2118 754 σὺ
2160 680 2222 754 εἶ
2262 685 2299 758 5
2342 684 2482 770 υἱός
2506 715 2633 776 μου

406 787 616 858 Ἠσαῦ
669 787 711 880 ἢ
764 785 854 857 οἰῦ.
949 792 1009 829 ²²
1024 783 1243 877 ἤγγισε
1304 786 1378 854 δὲ
1422 780 1659 874 Ἰακὼβ
1714 786 1885 876 πρὸς
1929 785 2144 858 Ἰσαὰκ
2203 790 2317 861 τὸν
2375 794 2635 881 πατέρα

415 891 640 963 αὐτοῦ·
708 892 820 960 καὶ
864 886 1282 981 ἑψηλάφησεν
1328 886 1519 960 αὐτὸν
1555 891 1670 959 καὶ
1726 884 1912 959 εἶπεν
1942 889 2029 957 ‘H
2068 893 2186 978 μὲν
2231 895 2414 985 φωνὴ
2456 897 2635 988 φωνὴ

348 1021 379 1067 5
410 990 676 1083 Ἰακώβ,
713 994 782 1064 αἱ
826 994 901 1064 δὲ
926 1000 1136 1083 χεῖρες
1177 999 1384 1083 χεῖρες
1403 991 1648 1065 ,Ἠσαᾶ
1731 998 1790 1039 ²⁸
1805 995 1918 1063 καὶ
1962 988 2077 1064 οὖκ
2120 996 2369 1084 ἐπέγνω
2412 998 2603 1068 αὐτόν
2616 1023 2633 1039 ·

413 1096 577 1193 ἦσαν
635 1100 758 1189 γὰρ
817 1096 888 1167 αἱ
937 1103 1144 1189 χεῖρες
1201 1098 1396 1167 αὐτοῦ
1453 1096 1541 1179 ὥς
1584 1096 1654 1167 αἱ
1692 1104 1901 1189 χεῖρες
1938 1092 2145 1169 Ἠσαῦ
2200 1107 2319 1170 τοῢ
2354 1094 2637 1193 ἀδελφοῦ

415 1199 606 1275 αὐτοῦ
646 1207 922 1273 δασεῖαι.
992 1202 1104 1271 καὶ
1146 1196 1479 1293 εὐλόγησεν
1527 1199 1717 1273 αὐτὸν
1782 1205 1966 1272 “aab
2008 1198 2157 1273 εἶπε
2199 1206 2289 1275 Σὺ
2329 1200 2392 1275 εἶ
2430 1204 2467 1277 5
2496 1203 2637 1289 υἱός

412 1335 534 1395 μου
569 1305 812 1375 Ἠσαῦ·
791 1359 808 1390 ,
856 1302 893 1374 5
937 1306 1012 1375 δὲ
1056 1300 1241 1374 εἶπεν
1280 1299 1450 1393 Ἐγώ.
1550 1307 1735 1376 25καὶ
1774 1302 1924 1375 εἶπε
1950 1308 2339 1398 Προσάγαγέ
2370 1336 2485 1397 μοι
2522 1311 2637 1380 καὶ

415 1407 711 1503 φάγομαι
765 1407 906 1480 ἀπὸ
959 1415 1076 1500 τῆς
1140 1406 1357 1500 θήρας
1411 1432 1556 1495 σου,
1625 1410 1878 1497 τέκνον,
1950 1414 2060 1480 ἵνα
2117 1406 2425 1506 εὗλογήσῃ
2476 1437 2551 1482 σε
2598 1412 2637 1505 ἡ

321 1542 384 1588 10
418 1512 592 1607 ψυχή
631 1540 776 1601 μου.
836 1514 949 1583 καὶ
991 1510 1420 1604 προσήνεγκεν
1459 1507 1633 1604 αὐτῷ
1649 1569 1665 1598 ‚
1707 1515 1820 1583 καὶ
1863 1512 2095 1605 ἔφαγε·
2140 1518 2253 1586 καὶ
2281 1514 2635 1607 εἰσήνεγκεν

419 1618 590 1709 αὐτῷ
645 1612 817 1687 οἶνον
835 1672 852 1703 ,
927 1618 1040 1687 καὶ
1094 1616 1264 1687 ε’πιε.
1361 1623 1422 1663 ²⁶
1437 1618 1550 1687 καὶ
1612 1612 1798 1686 εἶπεν
1848 1617 2024 1709 αὐτῷ
2052 1618 2286 1690 Ἰσαὰκ
2340 1617 2377 1691 5
2421 1623 2636 1713 πατὴρ

419 1718 615 1795 αὐτοῦ
637 1720 935 1812 Έγγισόν
974 1748 1089 1808 μοι
1132 1723 1246 1791 καὶ
1300 1718 1576 1812 φίλησόν
1625 1748 1737 1808 με,
1798 1721 2037 1791 τέκνον.
2132 1729 2192 1767 ²⁷
2206 1725 2320 1793 καὶ
2377 1724 2639 1813 ἐγγίσας

421 1827 720 1919 ἐφίλησεν
791 1820 1006 1896 αὐτόν·
1080 1826 1192 1894 καὶ
1264 1823 1629 1915 ὠσφράνθη
1700 1826 1813 1916 τὴν
1885 1823 2089 1918 ὀσμὴν
2158 1834 2287 1895 τῶν
2364 1826 2636 1914 ἱματίων

419 1931 614 2003 αὐτοῦ
629 1982 648 2017 ,
718 1932 832 2000 καὶ
880 1928 1213 2021 εὐλόγησεν
1266 1926 1456 2000 αὐτὸν
1497 1930 1612 1998 καὶ
1660 1923 1847 1998 εἶπεν
1894 1929 2058 2000 Ἰδοὺ
2116 1923 2286 2023 ὀσμὴ
2339 1938 2455 2002 τοῦ
2497 1931 2639 2004 υἱοῦ

321 2060 384 2106 15
417 2064 540 2124 μου
594 2033 682 2117 ὡς
740 2028 908 2125 ὀσμὴ
974 2030 1166 2123 ἀγροῦ
1215 2034 1538 2124 πλήρους,
1611 2027 1685 2103 ὃν
1745 2031 2049 2125 εὖλόγησε
2107 2033 2344 2127 κύριος.
2456 2042 2516 2083 ²⁸
2528 2038 2639 2107 καὶ

417 2138 550 2231 δῴη
595 2165 702 2209 σοι
747 2137 784 2207 5
829 2140 995 2219 θεὸς
1044 2131 1184 2206 ἀπὸ
1241 2146 1358 2229 τῆς
1401 2138 1638 2227 δρόσου
1688 2147 1803 2208 τοῦ
1865 2133 2131 2231 οὐρανοῦ
2189 2141 2302 2211 καὶ
2343 2134 2481 2212 ἀπὸ
2523 2147 2639 2234 τῆς

417 2242 733 2335 πιότητος
774 2250 891 2334 τῆς
927 2248 1076 2332 γῆς,
1129 2242 1242 2310 καὶ
1285 2246 1553 2334 πλῆθος
1593 2242 1777 2312 σίτου
1820 2244 1935 2312 καὶ
1974 2242 2159 2314 οἴνου.
2258 2250 2318 2291 ²⁹
2333 2247 2445 2315 καὶ
2487 2249 2637 2315 δου-

417 2343 828 2418 λευσάτωσάν
874 2369 981 2415 σοι
1024 2347 1190 2438 ἔθνη
1204 2400 1221 2431 ,
1297 2348 1411 2416 καὶ
1463 2345 2099 2438 προσκυνησάτωσάν
2151 2372 2259 2418 σοι
2303 2347 2606 2439 ὃὶρχοντες
2620 2375 2636 2391 ·

418 2453 530 2522 καὶ
572 2450 747 2541 γίνου
790 2447 1011 2542 κύριος
1051 2458 1167 2520 τοῦ
1227 2444 1516 2544 ἀδελφοῦ
1570 2475 1719 2537 σου,
1794 2453 1908 2522 καὶ
1964 2452 2483 2545 προσκυνήσουσί
2528 2477 2639 2524 σοι

554 2639 585 2692 1
622 2650 732 2690 σου
767 2645 835 2695 >
871 2633 949 2688 Az
992 2636 1003 2700 Ι
1046 2638 1076 2690 1
1114 2653 1253 2706 εμου
1293 2635 1368 2690 Ec
1407 2637 1426 2709 l·
1462 2639 1492 2692 1
1530 2652 1693 2690 ειπεν
1729 2634 1885 2690 AEt1
1941 2637 1949 2706 Ι
2004 2637 2039 2692 3
2072 2650 2332 2707 ηγγεισεν
2369 2635 2444 2703 Α,
2476 2656 2637 2708 ηγγι-

418 2739 516 2778 σεν
548 2722 654 2778 Eat
674 2728 721 2786 ¹,
758 2736 986 2792 ηγγεισε
1020 2738 1051 2776 z
1080 2722 1090 2790 Ι
1122 2722 1156 2775 3
1188 2722 1253 2776 δε
1279 2730 1346 2780 >
1371 2737 1433 2786 a,
1467 2721 1634 2776 habeiz
1668 2737 1706 2791 y
1734 2723 1744 2791 Ι
1774 2722 1811 2777 4
1846 2724 2277 2794 εψηξλΙαφησεν
2311 2721 2387 2787 Α,
2424 2744 2457 2791 η
2490 2724 2641 2792 prius

417 2812 473 2864 et
510 2813 542 2862 λ
577 2825 742 2863 manu
775 2807 1010 2863 secunda
1041 2809 1100 2863 in
1131 2824 1320 2863 rasura
1347 2809 1358 2879 Ι
1386 2811 1424 2866 4
1457 2826 1564 2879 μεν
1598 2819 1667 2868 >
1701 2807 1750 2862 Α
1792 2811 1803 2875 Ι
1862 2810 1895 2863 6
1938 2825 2125 2883 χειρες
2160 2808 2389 2863 alterum
2420 2829 2643 2882 χειραις

417 2897 605 2952 scribit
629 2911 685 2949 m
701 2895 823 2964 [Α’ἒ]
860 2898 870 2962 Ι
900 2897 934 2951 6
965 2910 1107 2962 ησαυ
1133 2935 1166 2960 ,,
1180 2897 1499 2964 rescriptum
1526 2912 1560 2950 a
1582 2911 1749 2950 manu
1778 2893 2012 2950 secunda
2034 2895 2205 2949 erasis
2228 2894 2495 2964 prioribus
2517 2895 2641 2950 lite-

417 2983 520 3038 ris:
557 2998 719 3051 super
755 2981 933 3050 spatio
969 2997 1091 3036 raso
1126 2982 1310 3050 plures
1361 2982 1491 3037 olim
1541 2982 1761 3038 fuerunt
1804 2983 1995 3060 literaq
2010 2986 2042 3012 “
2082 2980 2129 3036 A
2193 2984 2203 3048 Ι
2266 2983 2298 3037 7
2335 2985 2643 3052 ηυλογησεν

418 3069 622 3125 AEmtz
661 3072 670 3134 Ι
716 3072 747 3124 7
787 3087 948 3123 ειπεν
981 3057 1274 3124 AEcmt¹z¹
1307 3071 1316 3138 Ι
1360 3070 1392 3124 7
1432 3072 1559 3126 ante
1599 3086 1668 3124 συ
1707 3072 1772 3138 -Ι-
1813 3074 1863 3124 et
1898 3088 1925 3122 z
1969 3070 1978 3139 Ι
2026 3069 2061 3123 8
2101 3089 2195 3122 και
2234 3069 2380 3140 ειπε]
2418 3087 2540 3123 ειπε
2578 3069 2643 3122 δε

421 3172 588 3211 ισαακ
610 3173 666 3210 111
686 3156 816 3226 [11011
839 3156 886 3225 t]
919 3157 929 3224 Ι
960 3156 995 3210 8
1031 3174 1188 3210 ειπεν
1223 3172 1558 3230 προσαγαγε
1593 3156 1715 3211 AEt
1732 3160 1751 3192 ¹
1780 3157 1790 3225 Ι
1820 3158 1855 3212 9
1892 3176 2057 3227 φαγω
2082 3174 2110 3209 z
2142 3159 2151 3222 Ι
2180 3157 2214 3210 9
2249 3174 2342 3210 ινα
2364 3155 2643 3226 Eabcmty‚

421 3261 572 3302 οπως
606 3242 680 3306 A,
723 3261 815 3295 και
855 3260 882 3294 z
914 3242 922 3311 Ι
954 3243 989 3298 9
1019 3245 1309 3311 ευλογησει
1344 3258 1400 3296 111
1434 3242 1486 3312 [t
1506 3268 1575 3288 =
1600 3242 1658 3313 b]
1695 3260 1726 3298 z
1756 3244 1765 3311 Ι
1798 3243 1865 3298 10
1896 3256 2261 3316 προσηγαγεν
2295 3260 2324 3295 z
2354 3246 2364 3310 Ι
2397 3244 2464 3299 10
2502 3261 2643 3316 εφα-

422 3345 522 3399 γεν
551 3327 734 3382 AEot1
765 3329 774 3395 Ι
808 3328 870 3381 11
916 3345 1074 3382 επιεν
1109 3327 1350 3382 ADEot¹
1380 3327 1388 3396 Ι
1421 3329 1487 3382 11
1523 3349 1671 3398 αυτῳ
1708 3328 1938 3383 alterum
1974 3338 2042 3388 >
2079 3346 2107 3381 z
2147 3330 2157 3394 Ι
2206 3327 2361 3398 11112
2396 3349 2427 3382 ο
2464 3347 2645 3401 πατηρ

423 3433 590 3467 αυτου
614 3423 682 3473 >
706 3413 812 3476 Ez,
851 3415 978 3467 ante
1018 3427 1189 3466 ισαακ
1225 3413 1383 3482 ponit
1417 3430 1446 3469 ο
1475 3416 1484 3482 Ι
1517 3415 1586 3469 12
1622 3416 1751 3469 ante
1786 3429 2022 3484 εγγισον
2043 3416 2109 3483 -Ι-
2135 3432 2210 3466 τω
2247 3434 2347 3467 vom
2386 3433 2553 3466 αυτου
2576 3431 2605 3466 z
2633 3411 2641 3480 Ι

425 3498 491 3552 12
529 3514 788 3570 εγγεισον
821 3497 871 3552 A
934 3499 943 3568 Ι
1002 3499 1069 3552 12
1099 3518 1202 3569 μοι
1238 3500 1403 3555 etiam
1438 3499 1510 3554 z?
1548 3501 1643 3571 qui
1677 3520 1723 3571 μ
1760 3498 1950 3556 scribit
2012 3501 2021 3568 Ι
2087 3502 2155 3556 12
2190 3503 2409 3571 φιλησω
2446 3513 2511 3552 σε
2546 3500 2645 3562 mt,

422 3587 666 3657 φιλησον
697 3604 806 3655 μοι
839 3602 867 3637 z
895 3585 906 3654 Ι
939 3585 1006 3638 12
1044 3603 1235 3640 τεκνον
1267 3589 1395 3654 post
1426 3605 1527 3656 μοι
1562 3587 1718 3656 ponit
1751 3587 1795 3640 E
1817 3626 1830 3650 ,
1870 3596 1939 3645 >
1962 3602 2018 3639 m
2048 3587 2058 3655 Ι
2090 3587 2157 3642 13
2194 3589 2489 3658 οσφρανθη
2522 3600 2608 3638 mz
2636 3584 2644 3651 Ι

425 3672 493 3726 14
545 3674 855 3740 ηυλογησεν
888 3671 960 3735 Α,
1013 3671 1110 3726 sed
1161 3672 1400 3737 „literae
1459 3675 1594 3739 ηυλο
1651 3671 1871 3726 abrasae
1927 3674 2054 3727 sunt
2104 3686 2214 3726 non
2259 3671 2494 3739 scalpi-0,
2554 3669 2650 3724 sed

422 3755 618 3811 iniuria
654 3755 931 3827 quadam“
953 3797 966 3810 .
1011 3760 1326 3827 ηυλογησεν
1359 3757 1540 3812 DEmt
1604 3758 1614 3827 Ι
1681 3758 1747 3812 15
1786 3757 2099 3822 „Diodorus
2152 3776 2275 3811 αντι
2331 3776 2428 3810 του
2474 3774 2649 3828 αγρου

424 3861 658 3918 αρουρας
704 3859 848 3911 εχει.
896 3862 960 3896 το
998 3844 1062 3897 δε
1099 3845 1341 3915 πληρους
1389 3846 1833 3917 πεπληρωμενου
1887 3847 2289 3916 βλαστηματων
2338 3841 2651 3895 ευωδεστα-

421 3932 570 3982 των“
607 3928 641 3983 b
709 3930 718 3997 Ι
784 3930 852 3984 15
891 3932 1100 4002 πληρης
1130 3929 1181 3982 D
1212 3928 1334 3996 [anx
1367 3944 1510 3984 nunc
1548 3949 1618 4001 ρη
1656 3929 1769 4000 legi
1806 3946 1916 3985 non
1950 3929 2151 3999 potest]
2188 3927 2263 3981 Ez
2318 3928 2327 3995 Ι
2382 3927 2450 3981 15
2485 3927 2650 3992 nuzo-

421 4030 559 4084 γησε
583 4017 666 4069 mt
679 4018 726 4078 Β,
766 4017 1076 4086 ηυλογησεν
1093 4015 1141 4068 Α
1171 4013 1429 4083 [Baberus
1465 4015 1524 4068 in
1561 4014 2001 4070 adnotationibus
2028 4017 2357 4083 ευλογησεν,
2400 4011 2459 4065 in
2495 4011 2649 4064 uolu-

421 4100 564 4154 mine
615 4102 788 4170 primo
838 4102 1167 4171 ηυλογησεν]
1210 4100 1262 4154 D
1301 4100 1419 4170 [ant
1471 4103 1721 4169 superest
1756 4122 1787 4168 η
1824 4100 2000 4171 prius]
2039 4102 2067 4154 t
2083 4104 2124 4164 ¹,
2186 4100 2495 4166 ευλογησεν
2529 4097 2574 4150 Ε
2637 4096 2647 4166 Ι

424 4186 492 4241 16
541 4187 708 4241 δωσει
751 4202 780 4241 o
845 4189 856 4253 Ι
922 4188 988 4244 16
1027 4189 1155 4256 posi:
1188 4205 1434 4262 ουρανου
1472 4190 1538 4256 -Ι-
1575 4194 1795 4241 ανωθεν
1828 4186 1959 4241 Amt
2026 4186 2033 4253 Ι
2109 4185 2174 4239 17
2223 4200 2524 4250 ποιοτητος
2556 4200 2584 4235 z
2636 4182 2647 4254 Ι

425 4272 491 4326 17
543 4293 637 4326 και
685 4273 918 4343 primum
952 4284 1020 4334 >
1057 4291 1086 4329 c
1114 4275 1124 4344 Ι
1158 4274 1225 4330 18
1260 4287 1741 4347 προσκυνησουσιν
1773 4273 1853 4338 Α,
1906 4284 2359 4348 προσκυνησουσι
2398 4284 2454 4334 o,
2508 4287 2649 4346 προ-

425 4365 860 4500 σξᾌσουσικτᾼὲ
915 4361 984 4417 18
1021 4379 1112 4416 σοι
1149 4360 1403 4431 alterum]
1444 4376 1508 4415 σε
1544 4379 1573 4413 z
1614 4361 1625 4432 Ι
1674 4361 1739 4416 19
1774 4370 2257 4436 προσκυνησουσιν
2291 4354 2385 4410 ΑΕ
2416 4356 2428 4426 Ι
2460 4357 2527 4411 19
2560 4371 2649 4410 σοι

428 4461 464 4499 a
581 4447 634 4511 t,
677 4462 740 4500 σε
