3169 4941
2522 442 2593 499 45

296 628 328 681 1
366 607 658 677 hebr‘aioe
723 609 952 689 dicitur
1012 615 1204 677 illane
1257 614 1324 677 et
1397 632 1434 677 a
1495 609 1857 677 doctoribus
1914 608 2352 675 Hebraeorum
2408 605 2593 671 aliter

365 716 776 794 transfertur,
837 719 912 782 ut
957 715 1173 782 dicant
1238 717 1703 805 „prosequetur
1750 734 1850 779 me
1894 716 1997 780 uir
2055 733 2236 779 meus
2251 718 2309 791 “‚
2364 711 2429 776 id
2494 709 2593 775 est

365 839 488 885 non
529 820 782 905 ambigo
817 820 892 885 de
936 840 1148 886 amore
1195 821 1261 885 in
1306 840 1406 885 me
1447 821 1572 885 uiri
1616 820 1768 897 mei,
1820 819 1938 883 erit
1981 818 2137 882 mihi
2182 817 2245 881 in
2289 818 2409 881 hac
2454 815 2591 879 uita.

365 942 608 1003 comes,
671 925 736 989 et
795 926 930 989 eius
991 923 1244 990 dilectio
1303 944 1405 989 me
1469 924 1549 989 ad
1606 926 1879 989 mortem
1940 940 2137 1006 usque
2198 918 2465 985 deducet
2526 918 2593 983 et

295 1032 332 1087 5
365 1022 780 1111 prosequetur
797 1078 812 1107 ‚
861 1030 992 1093 tres
1039 1029 1205 1093 enim
1256 1028 1420 1094 filios
1467 1029 1657 1112 genui
1701 1028 1775 1094 ei.

537 1133 812 1217 Concepit
865 1138 921 1196 et
976 1138 1208 1218 peperit
1253 1138 1310 1197 et
1346 1116 1556 1217 pendit
1598 1133 1811 1215 filium
1871 1136 1928 1197 et
1982 1131 2143 1195 discit
2184 1130 2359 1193 Nunc
2410 1148 2591 1210 super

360 1238 472 1299 hoc
533 1236 847 1325 confitebor
907 1238 1144 1301 domino
1159 1242 1214 1315 “,
1273 1243 1330 1301 et
1395 1239 1464 1301 ob
1527 1237 1596 1299 iel
1648 1240 1893 1301 uocauit
1950 1257 2159 1299 nomen
2230 1238 2360 1297 eius
2418 1232 2591 1295 Iuda.

287 1382 294 1390 -
361 1338 520 1404 Iuda
595 1339 902 1405 confessio
980 1337 1228 1405 dieitur.
1361 1360 1398 1405 a
1473 1339 1863 1405 confessione
1932 1339 2141 1421 itaque
2216 1335 2587 1402 confessoris

361 1461 590 1507 nomen
637 1444 734 1507 est
779 1443 1034 1510 dictum.
1152 1463 1377 1509 uerum
1422 1446 1637 1509 tamen
1680 1442 1781 1505 hic
1828 1440 2135 1506 confessio
2179 1458 2293 1523 pro
2349 1438 2588 1522 gratia-

261 1551 330 1607 10
364 1565 505 1611 rum
553 1546 798 1611 actione
844 1550 956 1613 aut
999 1567 1111 1631 pro
1156 1545 1342 1613 laude
1386 1546 1691 1631 accipitur
1707 1594 1723 1625 ‚
1786 1546 1860 1609 ut
1903 1545 2263 1627 frequenter
2306 1543 2371 1607 in
2417 1541 2589 1627 psal-

361 1650 482 1715 mis
500 1699 517 1730 ‚
587 1652 652 1715 et
705 1651 771 1715 in
849 1651 1175 1735 euangelio
1239 1651 1518 1732 confiteor
1573 1653 1718 1727 tibi,
1790 1651 2023 1713 domine
2076 1652 2249 1732 pater
2306 1649 2462 1710 caeli
2531 1651 2589 1709 et

361 1760 590 1835 terrae,
637 1751 704 1818 id
753 1757 850 1819 est
891 1755 1129 1839 gratias
1176 1774 1296 1839 ago
1339 1753 1459 1820 tibi
1505 1754 1639 1821 siue
1684 1751 1967 1838 glorifico
2009 1754 2091 1819 te.

529 1860 615 1921 Et
654 1863 915 1942 concepit
954 1860 1117 1922 Bala
1161 1862 1218 1921 et
1247 1862 1489 1943 peperit
1533 1860 1707 1923 Iacob
1736 1857 1951 1938 filium
1966 1880 1985 1918 .·
2056 1861 2115 1919 et
2158 1855 2321 1919 dian't
2356 1856 2588 1919 Rachel

361 1962 670 2025 Iudicauit
713 1983 807 2024 me
853 1962 1130 2025 dominus
1173 1967 1230 2025 et
1277 1964 1597 2026 exaudivit
1642 1983 1845 2025 uocem
1888 1982 2082 2023 meam
2126 1965 2183 2024 et
2231 1960 2397 2023 dedit
2436 1962 2594 2023 mihi

259 2072 328 2127 15
345 2064 646 2146 filium“.·
679 2071 1000 2149 propterea
1047 2071 1290 2130 uocauit
1335 2088 1542 2130 nomen
1590 2071 1721 2129 eius
1766 2066 1924 2129 Dan.
2016 2082 2273 2129 causam
2316 2063 2586 2127 nominis

361 2167 668 2252 expressit
710 2170 784 2233 ut
830 2168 908 2234 ab
955 2188 1060 2249 eo,
1121 2170 1285 2254 quod
1329 2169 1673 2235 iudicasset
1716 2187 1783 2233 se
1830 2169 2150 2246 dominus,
2208 2166 2338 2233 filio
2382 2166 2585 2233 ancil-

348 2270 458 2336 -lae
517 2270 736 2337 iudicii
795 2291 1025 2337 nomen
1074 2274 1435 2358 inponeret:
1511 2274 1654 2339 Dan
1720 2273 1945 2359 quippe
1990 2273 2439 2357 interpretatur
2483 2271 2585 2334 iu-

363 2374 612 2441 dicium.
1277 2424 1292 2437 .

533 2484 616 2546 Et
675 2487 936 2566 concepit
981 2483 1176 2547 adhuc
1233 2489 1289 2546 et
1339 2488 1580 2568 peperit
1622 2486 1785 2547 Bala
1832 2485 2057 2546 ancilla
2098 2483 2329 2546 Rachel
2368 2481 2583 2562 filium

255 2591 328 2648 20
361 2585 681 2649 secundum
729 2588 902 2650 Iacob
917 2611 936 2648 .·
975 2591 1034 2650 et
1079 2588 1242 2651 discit
1279 2588 1512 2652 Rachel
1558 2589 1861 2652 Habitare
1904 2609 1999 2650 me
2024 2587 2184 2666 fecit
2224 2587 2371 2648 deus
2408 2588 2583 2648 habi-

355 2693 578 2752 tatione
633 2711 768 2753 cum
827 2712 1032 2754 sorore
1092 2713 1224 2754 mea
1240 2738 1257 2769 ‚
1313 2697 1370 2755 et
1421 2693 1669 2755 inualui
1678 2696 1749 2754 “.·
1805 2697 1861 2755 et
1904 2695 2147 2755 uocauit
2188 2711 2397 2754 nomen
2452 2693 2585 2753 eius

356 2793 684 2878 Neptalim.
787 2813 978 2859 eausa
1037 2795 1306 2860 nominis
1359 2795 1619 2879 Neptali
1680 2794 1807 2860 alia
1851 2793 1955 2859 hic
2002 2793 2206 2859 multo
2250 2794 2579 2876 exponitur

355 2916 545 2981 quam
598 2897 665 2962 in
716 2897 879 2964 libro
940 2897 1351 2964 hebraeorum
1411 2899 1737 2964 nominum
1792 2898 2029 2982 scripta
2085 2900 2199 2963 est.
2288 2896 2453 2963 unde
2516 2899 2580 2963 et

354 2999 590 3084 Aquila
638 3003 728 3067 ait
771 3000 1278 3090 συνανέστρεψέν
1307 3027 1390 3086 με
1441 2997 1476 3070 ὁ
1519 3001 1685 3080 θεὸς
1721 2995 2266 3089 συναναστροφήν,
2309 3021 2421 3084 pro
2454 3020 2577 3086 quo

248 3113 324 3169 25
356 3103 423 3168 in
477 3105 748 3171 hebraeo
797 3108 1104 3190 seriptum
1164 3109 1262 3173 est
1303 3110 1542 3193 neptale
1582 3111 1761 3172 eloim
1808 3109 2073 3192 neptalti.
2136 3107 2302 3172 unde
2346 3126 2385 3172 a
2430 3125 2580 3172 oon-

351 3210 641 3274 uersione
689 3210 822 3275 siue
867 3231 904 3276 a
948 3212 1412 3294 comparatione
1429 3263 1444 3291 ‚
1491 3212 1639 3296 quia
1672 3212 2007 3294 utrumque
2056 3214 2272 3291 sonat,
2322 3230 2577 3294 eompa-

350 3314 660 3380 rationem
703 3315 835 3380 siue
908 3314 1382 3383 conuersionem
1401 3365 1418 3396 ‚
1486 3316 1607 3382 hoe
1662 3318 1760 3381 est
1788 3315 2077 3402 Neptali‚
2148 3316 2277 3382 filio
2344 3335 2573 3382 nomen

350 3417 644 3501 inposuit.

524 3521 704 3602 Quod
745 3524 958 3588 autem
1011 3523 1294 3607 sequitur
1333 3531 1390 3589 et
1445 3529 1677 3610 peperit
1720 3525 1895 3606 Zelfa
1948 3527 2171 3588 ancilla
2206 3525 2361 3588 Liae
2400 3526 2575 3588 Iacob

243 3635 318 3690 30
351 3625 584 3696 filium:
655 3631 712 3690 et
753 3627 914 3690 dim't
956 3627 1078 3692 Lia
1121 3631 1194 3692 In
1233 3630 1496 3711 fortuna
1511 3634 1564 3708 “,
1610 3635 1666 3692 et
1708 3632 1951 3710 uocauit
1990 3649 2199 3692 nomen
2241 3631 2373 3693 eius
2415 3629 2571 3695 Gad.

495 3775 529 3827 6
562 3775 672 3825 Gen
706 3773 791 3837 29,
829 3773 898 3828 35
930 3774 938 3842 Ι
974 3777 1036 3829 11
1074 3777 1242 3827 Matth
1281 3777 1365 3843 11,
1404 3777 1475 3832 25
1506 3777 1514 3846 Ι
1548 3777 1615 3831 13
1652 3779 1761 3829 Gen
1796 3777 1881 3840 30,
1920 3775 2012 3830 56
2045 3776 2052 3845 Ι
2087 3777 2153 3830 19
2191 3777 2300 3829 Gen
2325 3778 2411 3843 30,
2441 3778 2471 3832 7
2498 3777 2566 3848 8Ι

347 3860 416 3915 29
455 3862 567 3912 Gen
597 3861 683 3926 30,
718 3861 786 3914 10
825 3860 890 3915 11

490 3962 518 4014 1
557 3961 720 4011 ellaue
757 3981 802 4030 φ
833 3959 840 4028 Ι
883 3961 918 4015 5
955 3961 1003 4012 ei
1037 3962 1170 4012 filios
1211 3965 1366 4028 genui
1401 3983 1447 4034 φ
1492 3963 1498 4032 Ι
1541 3965 1573 4018 5
1611 3967 1661 4014 et
1699 3964 1932 4029 concepit
1966 3967 2018 4016 et
2052 3981 2096 4033 φ
2138 3963 2145 4031 Ι
2190 3962 2257 4016 11
2294 3968 2441 4027 pater
2482 3965 2571 4015 do-

342 4048 480 4098 mine
519 4066 566 4116 φ
596 4046 604 4113 Ι
638 4047 705 4100 13
742 4047 879 4097 balla
915 4067 960 4117 φ
993 4047 1000 4114 Ι
1034 4049 1101 4102 14
1137 4050 1260 4100 deus
1295 4069 1340 4120 φ
1373 4050 1380 4117 Ι
1413 4051 1480 4104 15
1517 4050 1685 4102 Causa
1720 4070 1765 4120 φ
1796 4049 1803 4120 Ι
1837 4050 1904 4105 19
1940 4050 2075 4100 bana
2108 4049 2191 4120 φ“Ι
2224 4047 2293 4104 22
2330 4051 2575 4115 neptalim

340 4137 431 4200 βγ,
465 4131 679 4182 nesthali
715 4151 760 4202 φ
792 4131 799 4202 Ι
831 4132 901 4186 22
936 4133 1133 4197 neptali
1162 4137 1309 4205 β’γφ
1326 4178 1337 4196 ,
1377 4143 1446 4192 >
1462 4139 1522 4201 β1
1553 4135 1562 4203 Ι
1594 4137 1665 4191 24
1698 4154 1876 4203 graeca
1897 4139 2059 4202 facile
2092 4139 2325 4201 leqwntur
2357 4141 2413 4186 in
2426 4142 2567 4208 βγφ,

337 4221 600 4268 articulum
637 4223 802 4268 omisit
838 4237 882 4288 φ
914 4218 921 4286 Ι
953 4217 1022 4273 25
1058 4221 1263 4286 neptule
1301 4222 1466 4288 eloym
1508 4223 1703 4287 neptali
1740 4229 1799 4289 β,
1849 4223 2057 4288 neptule
2094 4222 2246 4272 eloim
2282 4223 2479 4288 neptali
2513 4243 2569 4292 γ,

337 4305 570 4369 nepthali
620 4303 773 4355 eloim
820 4305 1068 4370 neptalim
1117 4325 1162 4377 φ
1243 4308 1252 4374 Ι
1334 4307 1494 4374 25,’26
1542 4311 1929 4360 conuersatione
1970 4327 2015 4378 φ
2078 4307 2087 4376 Ι
2152 4308 2223 4362 26
2271 4324 2301 4358 a
2351 4316 2417 4365 >
2460 4328 2505 4379 φ
2562 4309 2569 4380 Ι

337 4390 406 4444 27
448 4391 888 4443 conuersationem
919 4411 964 4462 φ
997 4390 1005 4460 Ι
1037 4391 1106 4446 27
1141 4393 1391 4459 neptalim
1424 4412 1469 4463 φ
1502 4393 1510 4463 Ι
1541 4394 1611 4452 27
1648 4395 1757 4450 filio
1793 4402 1868 4454 >
1894 4413 1941 4467 φ
