3169 4941
2554 426 2626 487 41

332 623 362 685 1
574 618 656 679 Et
716 616 878 679 dixit
920 616 1088 678 Esau
1130 615 1302 678 Iacob
1361 614 1467 677 Da
1533 614 1689 676 mihi
1730 616 1975 695 qustum
2019 612 2091 675 de
2133 613 2387 675 coctione
2439 613 2623 675 rubea

396 725 514 784 ista
527 771 545 799 ,
611 724 752 803 quia
813 720 1037 799 deficio,
1115 723 1438 803 propterea
1499 722 1774 780 uocatum
1834 720 1921 779 est
1977 737 2185 779 nomen
2238 718 2368 778 eius
2408 715 2622 780 Edem.

397 824 660 890 rubrum
721 823 854 887 siue
917 820 1166 887 fuluum
1225 821 1443 905 lingua
1495 821 1771 885 hebraea
1824 821 1991 884 edom
2050 818 2297 884 dicitur.
2414 819 2492 883 ab
2548 836 2621 883 eo

395 928 621 1013 igitur,
676 926 843 1009 quod
897 926 1092 990 rubeo
1135 924 1271 990 cibo
1315 924 1673 989 uendiderit
1714 922 2039 1007 primitiua
2070 924 2073 927 ’
2100 942 2212 988 sua
2233 972 2248 1001 ‚
2314 922 2501 1001 fului,
2555 921 2621 986 id

329 1042 364 1095 5
401 1033 498 1097 est
541 1032 743 1097 Edom
762 1080 777 1108 ,
825 1030 1086 1095 sortitus
1129 1031 1226 1095 est
1263 1046 1508 1094 nomen.

572 1136 905 1200 Seminauit
961 1139 1158 1199 autem
1200 1136 1376 1197 Isacae
1415 1138 1478 1197 in
1523 1140 1692 1197 terra
1757 1135 1872 1196 illa
1886 1182 1902 1210 ‚
1956 1137 2013 1195 et
2070 1136 2297 1196 inuenit
2352 1136 2417 1195 in
2470 1153 2619 1195 anno

396 1244 508 1305 illo
537 1242 878 1325 centuplum
918 1240 1142 1303 hordei.
1213 1237 1365 1303 lieet
1409 1238 1475 1302 in
1517 1238 1724 1303 aliena
1766 1239 1940 1302 terra
1984 1237 2392 1301 seminauerit
2419 1238 2618 1312 Isaac,

396 1344 612 1409 tamen
653 1362 780 1409 non
817 1344 970 1427 puto
1019 1342 1186 1426 quod
1227 1343 1410 1406 tanta
1457 1341 1513 1405 ei
1557 1341 1853 1406 fertilitas
1896 1340 2116 1405 hordei
2162 1340 2367 1407 fuerit.
2455 1340 2619 1405 unde

396 1448 623 1513 melius
685 1449 837 1532 puto
883 1446 1044 1511 illud
1091 1464 1256 1523 esse,
1323 1445 1485 1529 quod
1525 1446 1796 1510 habetur
1839 1446 1907 1509 in
1951 1445 2221 1510 hebraeo
2278 1446 2347 1509 et
2386 1443 2619 1527 Aquila

295 1561 365 1617 10
401 1570 644 1635 quoque
688 1550 1016 1616 transtulit
1070 1556 1127 1615 et
1183 1555 1410 1614 inuenit
1465 1555 1528 1614 in
1586 1572 1736 1613 anno
1780 1552 1890 1613 illo
1950 1552 2288 1632 centuplum
2346 1554 2619 1613 aestima-

395 1662 520 1719 tum
539 1706 556 1734 ,
608 1656 674 1720 id
719 1658 817 1721 est
859 1649 1084 1719 ἑκατὸν
1133 1647 1496 1734 εἶκασμούς.
1594 1653 1745 1718 licet
1804 1653 1971 1717 enim
2026 1652 2261 1717 eisdem
2314 1652 2515 1718 literis
2558 1655 2621 1718 et

397 1760 753 1825 aestimatio
798 1759 1108 1824 scribatur
1153 1760 1219 1824 et
1261 1758 1597 1837 hordeum,
1643 1759 1857 1822 tamen
1890 1756 2360 1822 aestimationes
2390 1762 2619 1821 saarim

396 1864 721 1949 leguntur,
771 1863 1007 1928 hordea
1048 1882 1198 1927 uero
1245 1868 1449 1927 sorim.
1541 1865 1757 1928 tacens
1804 1864 2019 1927 autem
2066 1862 2376 1945 scriptura
2419 1849 2618 1945 genus

395 1969 677 2052 frugum,
751 1968 919 2051 quod
975 1966 1526 2048 centuplicauerit‚
1600 1966 1852 2031 uidetur
1907 1966 2064 2031 mihi
2127 1966 2496 2031 cunctarum
2551 1966 2619 2030 in

294 2084 362 2139 15
397 2072 508 2136 illo
555 2072 866 2137 uirtutum
912 2070 1260 2137 ostendisse
1305 2069 1915 2152 multiplicationem.
2023 2068 2286 2152 denique
2342 2069 2621 2153 sequitur

394 2182 451 2239 et
491 2178 793 2240 benedixit
836 2181 896 2239 ei
936 2177 1240 2252 dominae,
1286 2180 1342 2237 et
1385 2196 1639 2257 maynus
1665 2176 1878 2255 factus
1922 2179 2008 2238 est
2043 2179 2147 2237 uir
2185 2180 2242 2238 et
2280 2178 2621 2239 ambulabat

394 2281 618 2343 uadens
661 2286 718 2344 et
765 2280 1212 2363 maynffioatus,
1265 2280 1444 2343 donec
1489 2300 1742 2362 maynus
1767 2279 1953 2360 fieret
1995 2282 2385 2344 uehementer.
2475 2277 2618 2343 feli-

395 2384 555 2450 citas
599 2386 814 2449 autem
855 2382 1262 2467 multiplicati
1315 2381 1535 2448 hordei
1575 2383 1797 2466 ignoro
1840 2382 1893 2447 si
1941 2402 2127 2465 quem
2170 2382 2370 2465 possit
2413 2383 2618 2448 facere

395 2490 758 2573 gloriosum.

291 2607 362 2660 20
573 2597 656 2657 Et
692 2598 841 2658 abiit
882 2596 1201 2657 inde‘Isaao
1241 2599 1296 2657 et
1335 2597 1499 2656 uenit
1538 2597 1603 2656 in
1640 2594 1863 2656 uallem
1880 2593 2256 2656 Gerarorum
2296 2597 2353 2656 et
2390 2596 2619 2658 habita-

393 2703 487 2761 uit
523 2701 627 2762 ibi.
717 2717 828 2781 pro
878 2697 1048 2762 ualle
1092 2699 1442 2764 torrentem
1484 2697 1678 2761 habet
1718 2696 1785 2760 in
1827 2696 2116 2761 hebraeo.
2207 2715 2409 2779 neque
2452 2698 2619 2763 enim

392 2802 605 2880 Isaac,
652 2803 988 2886 postquam
1032 2801 1474 2885 magnificatus
1520 2802 1648 2878 est,
1692 2800 1979 2864 habitare
2026 2802 2277 2882 poterat
2320 2801 2385 2864 in
2430 2801 2613 2867 ualle.

393 2905 707 2970 habitauit
759 2906 971 2970 autem
1014 2906 1082 2969 in
1122 2906 1438 2982 torrente,
1482 2904 1558 2968 de
1597 2923 1718 2986 quo
1750 2904 2057 2986 scriptum
2105 2905 2201 2968 est
2245 2905 2317 2967 de
2362 2910 2619 2972 torrente

392 3013 460 3072 in
501 3014 608 3073 uia
653 3013 835 3073 bibit.-
891 3010 966 3074 de
1014 3029 1137 3091 quo
1180 3009 1369 3074 etiam
1413 3007 1637 3073 Helias
1678 2991 1963 3090 tempore
2006 3007 2192 3072 famis
2230 3006 2404 3074 bibit.
2509 3011 2621 3076 sed

289 3127 362 3182 25
401 3114 546 3197 quia
589 3113 806 3178 Helias
853 3132 980 3178 non
1033 3116 1171 3177 erat
1216 3112 1532 3195 perfectus
1575 3114 1649 3176 ut
1692 3110 1979 3178 Christus
1999 3162 2013 3190 ‚
2069 3111 2208 3176 ideo
2255 3113 2315 3177 ei
2373 3115 2619 3180 torrens

393 3217 502 3281 ille
549 3218 733 3282 aruit.
835 3216 1124 3282 dominus
1169 3235 1320 3283 uero
1365 3219 1580 3282 noster
1641 3217 1834 3281 etiam
1886 3216 1953 3279 in
2010 3218 2287 3282 torrente
2346 3217 2619 3284 traditus

397 3322 526 3399 est,
603 3319 896 3386 dedicans
964 3322 1509 3405 regenerationem
1574 3321 1853 3386 nostram
1912 3321 1977 3384 et
2040 3321 2339 3404 baptismi
2407 3341 2620 3388 sacra-

395 3426 698 3492 mentum.

569 3531 652 3592 Et
690 3529 986 3610 foderunt
1021 3533 1211 3614 pueri
1250 3533 1424 3594 Isaac
1467 3535 1530 3592 in
1583 3531 1747 3594 ualle
1795 3530 2101 3606 Geraron,
2160 3534 2216 3593 et
2267 3533 2621 3594 inuenemmt

291 3653 366 3707 30
396 3634 490 3694 ibi
523 3637 776 3716 puteum
817 3655 1004 3716 aquae
1062 3638 1257 3698 uiuae.
1372 3635 1436 3698 et
1499 3633 1603 3696 hic
1644 3651 1759 3715 pro
1818 3632 1985 3696 ualle
2052 3633 2295 3697 torrens
2348 3635 2619 3717 scriptus

538 3769 567 3820 1
609 3769 718 3818 een
751 3767 835 3826 25,
877 3768 1053 3835 3016
1093 3770 1203 3820 een
1236 3770 1322 3830 26,
1365 3769 1433 3823 12
1463 3769 1472 3836 ι
1506 3771 1572 3823 16
1612 3770 1723 3819 Gen
1757 3768 1841 3831 26,
1886 3767 2085 3835 12131
2119 3769 2187 3821 20
2227 3770 2337 3821 een
2374 3770 2460 3835 26,
2499 3770 2564 3825 17
2605 3767 2612 3839 Ι

395 3853 464 3907 23
500 3854 570 3904 Ps
605 3855 723 3920 110,
763 3855 791 3907 7
827 3854 835 3921 ι
867 3855 938 3908 24
971 3857 1082 3920 aeg
1121 3874 1158 3924 y
1198 3855 1280 3918 17,
1326 3855 1355 3909 7
1389 3854 1396 3922 ι
1427 3855 1496 3908 29
1534 3856 1643 3905 een
1678 3855 1763 3920 26,
1804 3855 1868 3908 19

543 3971 572 4023 1
607 3971 762 4021 robea
792 3990 838 4040 φ
868 3969 877 4036 Ι
907 3971 942 4024 3
979 3972 1208 4022 Robeum
1233 3990 1279 4041 φ
1309 3971 1318 4036 Ι
1349 3971 1385 4026 4
1419 3973 1572 4023 robeo
1608 3972 1768 4041 cibicp
1800 3970 1808 4034 Ι
1840 3972 1873 4026 8
1907 3972 2161 4023 fertulitas
2197 3992 2241 4042 φ
2271 3973 2280 4040 Ι
2314 3972 2379 4026 11
2420 3991 2622 4027 εκατον

398 4071 700 4124 εικασμους
725 4061 1081 4123 frisinqemis,
1122 4073 1633 4125 erwrmyacuoeon
1671 4061 1825 4121 berol,
1860 4059 2129 4126 Ekrozmy.
2166 4075 2231 4109 Δο
2266 4075 2411 4110 nom
2452 4065 2616 4123 soaph.

395 4147 538 4208 uulqo
573 4159 767 4194 εκατον
802 4157 1132 4213 εικασμενον
1161 4145 1171 4209 Ι
1205 4144 1272 4197 14
1305 4146 1715 4210 centiplicauerit
1752 4164 1797 4214 φ
1827 4145 1837 4210 Ι
1871 4147 1939 4200 18
1976 4162 2120 4212 quem
2156 4151 2244 4212 βγ,
2284 4145 2483 4211 quidem
2520 4165 2564 4217 φ
2602 4144 2609 4216 Ι

394 4229 466 4283 20
497 4229 663 4278 habiit
698 4247 742 4297 φ
773 4231 782 4293 Ι
814 4230 885 4283 20
917 4246 1212 4294 gerarorum
1251 4249 1322 4300 φ,
1362 4247 1599 4296 gerarum
1636 4235 1708 4298 βγ
1740 4229 1748 4296 Ι
1780 4232 1849 4285 22
1884 4232 2235 4296 magnificatus
2272 4237 2363 4300 βγ,
2400 4249 2619 4298 magnus

394 4315 556 4365 factus
595 4333 640 4383 φ
673 4314 680 4381 Ι
712 4315 782 4368 24
813 4316 872 4366 in
905 4316 992 4366 uia
1028 4315 1160 4366 bibit
1192 4321 1294 4384 βγ,
1344 4317 1484 4368 bibet
1517 4318 1572 4368 in
1606 4317 1694 4368 uia
1730 4335 1775 4389 φ
1808 4317 1817 4384 Ι
1848 4318 1917 4372 25
1953 4318 2001 4369 ei
2034 4323 2124 4386 βγ,
2162 4321 2213 4368 et
2248 4337 2293 4388 φ
2324 4317 2334 4386 Ι
2364 4318 2433 4374 29
2471 4335 2625 4385 gera·

394 4416 487 4452 ron
523 4404 642 4474 βγφ
674 4401 684 4468 Ι
714 4400 785 4457 30
823 4402 1078 4469 scriptum·
1107 4420 1154 4476 φ
