3169 4941
547 428 618 484 26
1507 426 1737 484 Genesis
1774 429 1825 483 7.

548 587 735 656 καθὰ
769 585 1130 655 ἐνετείλατο
1173 583 1210 656 ὃ
1247 586 1412 667 θεὸς
1447 594 1542 675 τῷ
1590 592 1745 654 Νῶε
1762 637 1779 654 .
1834 584 1948 655 καὶ
1988 583 2238 656 ἔκλεισε
2280 583 2497 677 κύριος
2540 583 2577 656 ὃ
2618 587 2783 667 θεὸς
2818 617 2847 663 1

547 691 664 782 τὴν
723 692 1003 777 κιβωτὸν
1059 690 1308 775 ἔξωθεν
1369 688 1584 759 αὐτοῦ.
1696 695 1756 735 ¹⁷
1769 690 1881 758 καὶ
1942 689 2194 776 ἐγένετο
2247 687 2285 758 ὅ
2330 692 2785 777 κατακλυσμὸς

547 793 1030 884 τεσσαράκοντα
1075 794 1315 885 ἡμέρας
1353 795 1468 862 καὶ
1509 785 1991 884 τεσσαράκοντα
2032 791 2268 876 νύκτας
2323 791 2441 862 ἐπὶ
2483 800 2599 886 τῆς
2639 800 2782 886 γῆς·

549 898 664 968 καὶ
729 894 1206 989 ἐπεπληθύνθη
1263 898 1340 966 τὸ
1401 896 1572 987 ὕδωρ
1642 899 1757 966 καὶ
1824 897 2028 989 ἐπῆρε
2089 899 2205 988 τὴν
2275 894 2555 985 κιβωτόν
2569 952 2585 983 ,
2670 899 2785 967 καὶ

547 999 798 1093 ὑψώθη
834 999 974 1070 ἀπὸ
1017 1009 1133 1093 τῆς
1174 1009 1306 1093 γῆς.
1419 1000 1607 1068 uzal
1656 998 2001 1090 ἐπεκράτει
2056 1002 2133 1070 τὸ
2188 1001 2357 1092 ὕδωρ
2420 1002 2537 1070 καὶ
2581 1003 2784 1095 ὲπλη-
2818 1029 2849 1076 5

549 1103 790 1174 θύνετο
857 1101 1117 1196 σφόδρα
1181 1105 1300 1173 ἐπὶ
1373 1109 1488 1195 τῆς
1551 1110 1683 1195 γῆς.
1801 1105 1916 1173 καὶ
1980 1104 2339 1196 ἐπεφέρετο
2398 1104 2439 1195 ἡ
2504 1107 2783 1192 κιβωτὸς

550 1209 776 1279 ἐπάνω
815 1216 932 1278 τοῦ
973 1210 1225 1290 ὕδατος.
1322 1211 1471 1278 19τὸ
1516 1209 1592 1278 δὲ
1634 1207 1804 1298 ὕδωρ
1848 1205 2194 1299 ἐπεκράτει
2238 1209 2495 1299 σφόδρα
2526 1210 2783 1299 σφόδρα

551 1313 672 1382 ἐπὶ
727 1321 844 1404 τῆς
886 1323 1027 1404 γῆς,
1086 1313 1196 1381 καὶ
1253 1311 1539 1403 ἐκάλυψε
1581 1313 1807 1382 πάντα
1862 1315 1944 1380 τὰ
2006 1311 2124 1403 ὅρη
2176 1313 2262 1381 τὰ
2318 1311 2541 1404 ὑψηλά
2552 1368 2569 1398 ,
2616 1309 2663 1382 ἃ
2704 1307 2783 1405 ἦν

548 1413 862 1484 ὑποκάτω
931 1421 1046 1485 τοῦ
1117 1414 1406 1506 οὐρανοῦ.
1549 1421 1611 1460 ²⁰
1624 1415 2096 1485 πεντεκαίδεκα
2180 1413 2413 1506 πήχεις
2476 1414 2783 1507 ὑπεράνω

551 1515 802 1611 ὑψώθη
855 1521 933 1589 τὸ
974 1521 1147 1609 ὕδωρ
1164 1574 1181 1604 ,
1259 1520 1372 1588 καὶ
1415 1517 1795 1610 ἑπεκάλυψε
1851 1517 2073 1588 πάντα
2122 1520 2206 1589 τὰ
2250 1518 2365 1612 ὄρη
2406 1521 2491 1588 τὰ
2534 1517 2781 1611 ὑψηλά.
2822 1547 2889 1596 10

561 1625 747 1693 'luat
789 1618 1090 1694 ἀπέθανε
1131 1630 1318 1692 πᾶσα
1360 1625 1525 1714 σὰρξ
1559 1625 1900 1716 κινουμένη
1941 1625 2061 1693 ἐπὶ
2101 1629 2216 1715 τῆς
2256 1634 2371 1715 γῆς
2398 1631 2530 1693 τῶν
2558 1651 2782 1693 πετει-

553 1733 678 1798 νῶν
721 1731 832 1798 καὶ
874 1734 1004 1797 τῶν
1043 1737 1290 1819 κτηνῶν
1325 1730 1438 1798 καὶ
1475 1737 1604 1797 τῶν
1630 1727 1887 1820 θηρίων
1928 1729 2044 1797 καὶ
2084 1733 2221 1796 πᾶν
2268 1726 2543 1820 ἑρπετὸν
2570 1725 2783 1798 κινού-

549 1858 740 1919 μενον
791 1833 910 1901 ἐπὶ
970 1837 1085 1923 τῆς
1122 1841 1240 1923 γῆς
1285 1834 1398 1902 καὶ
1443 1839 1584 1913 πᾶς
1635 1830 2015 1922 ἄνθρωπος.
2114 1834 2298 1902 nnat
2342 1829 2566 1902 πάντα
2579 1886 2595 1917 ,
2657 1833 2784 1908 ὅσα

555 1935 685 2020 &a
730 1936 938 2026 πνοὴν
987 1938 1152 2027 ζωῆς
1167 1989 1182 2019 ,
1230 1936 1343 2004 καὶ
1388 1942 1526 2003 πᾶν
1543 1990 1559 2019 ,
1623 1929 1662 2005 ὃ
1704 1932 1781 2026 ἦν
1829 1936 1949 2005 ἐπὶ
2012 1945 2128 2027 τῆς
2170 1939 2363 2028 ξηρᾶς
2379 1991 2396 2021 ,
2458 1930 2784 2009 α’πέθανε.

562 2044 623 2084 ¹⁸
637 2041 749 2109 καὶ
795 2036 1098 2131 ἐξήλειψε
1141 2048 1278 2106 πᾶν
1337 2039 1414 2108 τὸ
1459 2034 1826 2130 ἀνάστημα,
1888 2035 1927 2109 ὃ
1966 2035 2041 2131 ἦν
2108 2040 2227 2108 ἐπὶ
2270 2040 2635 2129 προσώπου
2673 2049 2788 2131 τῆς
2824 2067 2887 2114 15

551 2151 696 2234 γῆς,
749 2137 887 2214 άπὸ
942 2139 1304 2234 ἀνθρώπου
1347 2142 1471 2224 ἕως
1512 2143 1782 2235 κτήνους
1835 2143 1948 2212 καὶ
1999 2141 2291 2234 ἑρπετῶν
2334 2145 2446 2213 καὶ
2488 2153 2617 2212 τῶν
2656 2169 2782 2212 πε-

693 2455 724 2509 1
761 2460 914 2509 καθα
949 2455 1257 2509 ενετειλατο
1297 2474 1330 2507 ο
1367 2457 1499 2513 θεος
1535 2461 1606 2512 >
1648 2469 1705 2507 rz
1736 2453 1745 2521 Ι
1777 2452 1808 2508 1
1843 2454 1971 2522 post
2005 2454 2309 2507 ενετειλατο
2341 2454 2409 2522 -Ι-
2442 2472 2634 2526 κυριος
2671 2450 2778 2524 Eo}

554 2545 584 2599 1
622 2542 738 2597 loco
777 2562 808 2595 ο
847 2547 979 2600 θεος
1013 2543 1156 2597 teste
1195 2539 1394 2595 Grabio
1434 2539 1484 2593 D
1519 2558 1705 2611 κυριος
1756 2540 1767 2608 Ι
1825 2540 1852 2594 1
1890 2559 1967 2609 τῳ
2002 2557 2107 2593 νωε
2141 2548 2211 2598 >
2247 2555 2302 2604 r,
2352 2557 2498 2614 προς
2540 2556 2647 2592 νωε
2687 2557 2715 2592 z
2766 2538 2776 2609 Ι

555 2630 586 2683 1
604 2626 772 2682 uerba
787 2627 930 2681 inter
947 2646 1042 2679 και
1059 2630 1268 2681 εκλεισε
1289 2627 1346 2681 et
1372 2644 1466 2679 και
1493 2632 1693 2694 υψωθη
1719 2642 1831 2695 pag
1858 2625 1943 2689 27,
1962 2626 1997 2680 3
2026 2625 2285 2686 media>
2301 2626 2351 2680 D
2368 2627 2510 2680 teste
2528 2622 2728 2679 Grabio
2766 2623 2776 2695 Ι

555 2717 584 2769 1
625 2718 866 2769 εκλεισεν
895 2712 1018 2768 ΑΕι·
1069 2714 1080 2783 Ι
1134 2716 1166 2769 1
1203 2732 1389 2785 κυριος
1425 2722 1493 2771 >
1531 2712 1576 2765 Ε
1633 2712 1642 2781 Ι
1696 2713 1731 2766 2
1768 2731 1870 2779 την
1904 2718 2143 2780 κιβωτον
2192 2715 2401 2773 εξωθεν
2438 2731 2609 2765 αυτ-ου
2640 2710 2777 2775 Aah,

553 2804 784 2864 εξωθεν·
797 2820 970 2853 αυτου
1003 2806 1105 2867 τήν
1139 2806 1373 2867 κιβωτον
1405 2799 1621 2853 Eomrtz
1664 2799 1674 2867 Ι
1716 2799 1752 2852 2
1786 2801 2224 2870 κατακλυσμμος
2262 2813 2295 2851 a
2324 2800 2333 2867 Ι
2376 2798 2411 2851 2
2446 2799 2573 2867 post
2606 2817 2776 2851 κατα-

549 2890 800 2961 κλυσμος.
829 2888 895 2954 -Ι-
933 2892 1028 2939 em
1065 2905 1158 2953 της
1186 2904 1290 2955 γης
1319 2884 1367 2939 A
1397 2884 1406 2954 Ι
1438 2886 1472 2939 3
1504 2900 1901 2959 τεσσερακοντα
1940 2886 2167 2955 utroque
2201 2885 2318 2939 loeo
2353 2884 2404 2939 A
2417 2925 2432 2950 ,
2469 2904 2515 2956 μ
2546 2887 2777 2954 utroque

547 2976 666 3029 loco
701 2991 729 3026 z
795 2974 804 3043 Ι
867 2974 904 3027 3
939 2989 1033 3025 επι
1078 2991 1174 3038 της
1219 2990 1323 3041 γης
1358 2982 1426 3032 >
1465 2988 1494 3025 ο
1545 2972 1673 3041 [non
1721 2971 1927 3025 omittit
1961 2969 2027 3041 A]
2087 2973 2094 3039 Ι
2159 2971 2197 3026 4
2246 2974 2647 3039 επεπληθυνθη
2688 2972 2775 3039 ab,

555 3063 882 3128 επληθυνθη
913 3057 1119 3112 AEcrtz
1137 3098 1152 3123 ,
1199 3062 1542 3127 επληθυνθει
1582 3074 1638 3111 ιιι
1682 3059 1689 3125 Ι
1734 3058 1773 3112 4
1809 3075 2011 3133 επηρεν
2043 3056 2165 3111 AEt
2208 3058 2289 3127 [τ’
2310 3084 2381 3103 =
2404 3058 2462 3128 b]
2519 3059 2529 3127 Ι
2578 3060 2616 3113 4
2650 3062 2781 3129 post

553 3164 720 3221 επηρε
739 3148 805 3214 -Ι-
830 3166 898 3199 to
937 3145 1084 3217 υδωρ
1118 3147 1201 3198 mt
1231 3146 1240 3213 Ι
1270 3146 1305 3201 5
1333 3147 1461 3214 post
1492 3151 1693 3214 υψωθη
1732 3145 1797 3198 4-
1833 3164 1903 3198 τα
1938 3163 2157 3215 κυματα
2195 3144 2239 3198 Ε
2270 3145 2280 3214 Ι
2311 3146 2343 3199 5
2379 3163 2496 3199 απο
2534 3144 2775 3211 AEaber,

553 3251 650 3289 επι
684 3250 713 3286 z
729 3272 746 3298 ,
787 3249 973 3285 επανω
1007 3233 1091 3284 mt
1119 3232 1128 3299 Ι
1161 3232 1248 3301 516
1286 3234 1630 3299 επληθυνετο
1668 3229 1997 3294 AEabmrtz,
2036 3233 2365 3299 επληθυνθη
2402 3246 2432 3285 ο
2460 3232 2471 3300 Ι
2513 3232 2601 3300 618
2637 3249 2777 3302 quae

551 3318 696 3374 inter
731 3337 827 3371 και
871 3319 904 3371 6
953 3319 1012 3371 et
1053 3336 1156 3387 γης
1192 3317 1226 3371 8
1273 3316 1452 3371 media
1505 3318 1660 3379 sunt,
1699 3326 1768 3377 >
1805 3334 1836 3370 r
1886 3317 1895 3384 Ι
1964 3317 1995 3371 7
2045 3317 2268 3391 σφοδρά
2314 3318 2536 3389 σφοδρά
2578 3318 2777 3385 ahmin,

553 3406 778 3477 σφοδρά
817 3403 1006 3474 [semel
1038 3404 1277 3473 tantum]
1315 3404 1360 3457 Ε
1378 3444 1391 3467 ,
1431 3404 1661 3474 σφοδρα
1700 3403 1961 3477 σφοδρῶς
1994 3402 2075 3457 Ac
2104 3406 2115 3471 Ι
2145 3402 2271 3471 8110
2302 3419 2436 3473 quae
2458 3403 2605 3459 inter
2622 3424 2717 3459 και
2743 3406 2780 3460 8

552 3494 610 3547 et
656 3493 804 3577 υδωρ
852 3492 921 3545 10
967 3490 1146 3545 media
1189 3492 1339 3554 sunt,
1381 3499 1449 3549 >
1483 3504 1540 3541 m
1579 3490 1589 3557 Ι
1644 3489 1679 3543 8
1727 3492 1965 3558 εκαλυψε
1998 3488 2167 3552 ‚abmz
2180 3530 2195 3554 ,
2260 3493 2581 3560 επεκαλυψε
2628 3490 2779 3557 Acrt,

556 3580 911 3646 επεκαλυψεν
946 3576 992 3631 Ε
1025 3579 1032 3645 Ι
1063 3575 1097 3629 9
1135 3594 1406 3629 υπωκατω
1443 3591 1500 3640 ο,
1565 3593 1831 3628 υπακατω
1876 3574 1993 3645 [sio]
2038 3594 2245 3635 παντος
2282 3593 2311 3629 ι·
2352 3576 2363 3647 Ι
2408 3576 2442 3629 9
2482 3594 2779 3632 πεντεκαι-

554 3664 690 3717 δεκα
723 3662 942 3727 Εἱιιιιῐίῑ,
1002 3662 1300 3715 δεκάπεντε
1347 3660 1460 3715 Aac
1473 3700 1487 3725 ‚
1549 3678 1599 3714 ιε
1630 3678 1664 3716 z
1708 3662 1719 3731 Ι
1771 3660 1807 3715 9
1844 3678 2103 3734 υπερανω
2141 3661 2205 3716 bt
2218 3702 2233 3726 ,
2274 3679 2462 3717 επανω
2498 3661 2714 3719 AEacrz
2764 3664 2775 3737 Ι

553 3752 622 3807 10
657 3754 860 3819 υψωθη
898 3748 1070 3813 LXX,
1104 3750 1246 3802 teste
1280 3746 1316 3801 b
1353 3746 1551 3817 Aquila
1588 3748 1983 3819 ενεδυναμωθη
2003 3790 2015 3813 ,
2070 3747 2419 3817 Symmachus
2470 3768 2777 3822 επεκρατη-

541 3837 686 3904 σενΙ
731 3836 799 3891 10
836 3836 1187 3904 επεκαλυψεν
1224 3833 1317 3887 ΑΕ
1362 3834 1372 3899 Ι
1420 3834 1490 3887 10
1515 3853 1583 3885 τα
1624 3836 1807 3903 υψηλα
1842 3843 1911 3894 >
1946 3832 2051 3887 Eoz
2095 3836 2104 3903 Ι
2154 3835 2219 3888 11
2270 3841 2565 3890 απεθανεν
2600 3836 2783 3891 AEcrt

553 3923 640 3993 [122
662 3948 731 3967 -=-
755 3921 815 3992 b]
849 3920 858 3990 Ι
893 3923 958 3976 11
994 3937 1321 3991 κεινουμενη
1359 3918 1405 3973 A
1439 3920 1448 3989 Ι
1481 3919 1639 3984 11113
1676 3935 1812 3988 quae
1846 3920 1989 3974 inter
2024 3939 2135 3974 των
2171 3924 2236 3978 11
2276 3923 2333 3975 et
2370 3941 2471 3991 γης
2496 3922 2564 3977 13
2600 3923 2781 3979 media

552 4012 707 4073 sunt,
749 4018 817 4067 >
844 4025 872 4060 z
903 4008 914 4073 Ι
947 4005 1102 4073 12118
1140 4022 1502 4075 κεινουμενον
1532 4004 1583 4059 Α
1614 4008 1623 4073 Ι
1658 4005 1725 4061 14
1746 4008 1873 4074 post
1900 4008 2033 4073 ζωης
2052 4008 2120 4076 -Ι-
2142 4024 2203 4061 εν
2227 4014 2493 4080 ρωθωσιν
2516 4027 2685 4061 αυτου
2708 4025 2738 4062 1·
2764 4007 2775 4080 Ι

551 4094 618 4150 14
656 4112 770 4147 παν
806 4112 836 4145 ο
873 4090 933 4155 b,
971 4108 1079 4151 πας
1121 4110 1183 4151 ος
1217 4090 1513 4145 Aanmrtz
1541 4094 1550 4159 Ι
1584 4093 1655 4146 14
1690 4110 1800 4145 mro
1824 4110 1853 4145 z
1887 4091 2005 4147 1000
2041 4112 2139 4147 επι
2173 4096 2469 4150 ceterorum
2500 4095 2509 4165 Ι
2544 4095 2611 4149 14
2634 4113 2777 4149 απε-

551 4186 729 4233 θανεν
751 4180 930 4233 AEort
969 4178 1016 4246 [t
1034 4180 1058 4213 ²
1082 4175 1224 4245 =b]
1261 4179 1270 4242 Ι
1302 4178 1370 4231 15
1398 4180 1653 4247 εξηλειψε
1669 4177 1819 4232 bcmt
1836 4182 1873 4242 ²,
1912 4181 2198 4248 εξηλειψεν
2220 4181 2349 4245 Art,
2390 4183 2688 4252 6360).an
2715 4181 2780 4248 Ε,

557 4268 856 4336 εξηλειφθη
895 4280 962 4328 a,
1013 4266 1311 4335 εξαλειφθη
1347 4282 1376 4317 z
1407 4264 1416 4332 Ι
1448 4264 1516 4318 15
1550 4278 1835 4333 αναστεμα
1878 4262 1929 4317 Α
1974 4264 1984 4334 Ι
2026 4264 2095 4320 15
2128 4281 2439 4339 προσωπου
2484 4266 2781 4333 AEabcrtz,

548 4365 854 4423 προσωπον
885 4366 945 4403 ιιι
975 4351 984 4414 Ι
1017 4350 1086 4405 15
1121 4351 1248 4403 ante
1281 4368 1376 4416 της
1397 4351 1462 4418 -Ι-
1484 4366 1667 4415 πασης
1698 4347 1965 4403 AEamrtz
1994 4350 2005 4419 Ι
2040 4350 2107 4405 16
2142 4357 2447 4426 ανθρωπου
2484 4352 2781 4421 AEabortz,

552 4439 879 4508 ανθρωπων
913 4450 972 4487 m
1001 4436 1012 4502 Ι
1042 4435 1109 4488 16
1142 4452 1252 4487 των
1289 4442 1357 4494 >
1393 4450 1424 4489 ο
