3169 4941
589 391 660 448 20

593 555 692 622 est
743 553 942 639 igitur
995 553 1110 619 illa
1166 552 1603 620 Hebraeorum
1658 550 1915 618 traditio
1935 600 1951 632 ,
2027 569 2216 635 quam
2275 568 2467 634 supra
2526 549 2823 628 diximus,
2864 559 2901 613 1

593 657 758 744 quod
804 675 1091 743 egressus
1149 657 1232 722 sit
1277 657 1480 723 Thare
1540 676 1687 722 cum
1744 655 1893 720 filiis
1948 655 2077 720 suis
2139 655 2215 720 de
2268 654 2416 740 igne
2464 652 2823 719 Chaldaeo-

591 781 732 828 rum
789 764 855 827 et
922 759 1086 846 quod
1145 760 1471 826 Abraham
1529 758 1863 843 babylonio
1924 757 2201 824 uallatus
2268 747 2587 836 incendio,
2670 757 2822 840 quia

588 864 749 931 illud
814 865 1072 930 adorare
1129 864 1416 943 nolebat,
1479 863 1581 928 dei
1646 864 1731 929 sit
1788 862 2017 928 auxilio
2079 862 2383 928 liberatus
2442 863 2507 927 et
2572 880 2645 925 ex
2699 859 2818 924 illo

591 971 872 1052 tempore
931 969 990 1034 ei
1042 967 1174 1034 dies
1219 967 1388 1033 uitae
1417 1045 1422 1051 ¹
1450 969 1514 1032 et
1557 969 1807 1050 tempus
1856 968 2183 1051 reputetur
2226 966 2451 1031 aetatis
2469 1014 2485 1044 ,
2568 985 2642 1030 ex
2693 983 2817 1048 quo
2855 966 2898 1020 5

595 1074 914 1140 confessus
961 1074 1059 1137 est
1101 1069 1452 1148 dominum,
1499 1089 1797 1153 spernens
1841 1068 2015 1148 idola
2041 1069 2517 1136 Chaldaeorum.
2606 1071 2821 1152 potest

591 1181 806 1244 autem
845 1175 981 1241 fieri
1023 1177 1114 1254 ut,
1161 1175 1308 1257 quia
1352 1173 1663 1258 scriptura
1704 1174 1960 1258 reliquit
2000 1174 2311 1239 incertum
2329 1223 2345 1252 ,
2390 1175 2537 1238 ante
2581 1191 2821 1257 paucos

594 1299 790 1348 annos
849 1280 1056 1344 Thara
1134 1279 1210 1344 de
1269 1277 1587 1344 Chaldaea
1658 1277 1973 1362 profectus
2056 1279 2303 1343 uenerit
2388 1278 2456 1341 in
2516 1275 2821 1355 Charran,

594 1403 784 1470 quam
834 1385 1106 1448 mortem
1165 1381 1396 1459 obiret,
1453 1381 1560 1446 uel
1619 1383 1787 1446 certe
1848 1381 2067 1446 statim
2114 1383 2259 1466 post
2317 1381 2822 1464 persecutionem

591 1489 661 1554 in
706 1487 984 1556 Charran
1026 1485 1272 1552 uenerit
1317 1487 1382 1550 et
1424 1485 1516 1549 ibi
1565 1483 1800 1550 diutius
1844 1486 1930 1550 sit
1970 1486 2271 1550 moratus.
2375 1485 2431 1548 si
2484 1484 2619 1569 quis
2665 1502 2819 1568 ergo
2859 1489 2933 1542 1ο
3088 1484 3090 1562 Ι

591 1591 742 1658 111116
783 1589 1154 1673 expositioni
1198 1588 1547 1654 contrarius
1590 1561 1721 1666 est,
1768 1591 2029 1672 quaerat
2067 1587 2255 1654 aliam
2296 1587 2703 1654 solutionem:
2752 1589 2821 1652 et
3088 1563 3094 1688 Ι

593 1696 747 1761 tnnc
788 1695 958 1760 recte
1005 1711 1111 1772 ea,
1155 1711 1315 1775 quae
1359 1711 1397 1758 a
1439 1692 1621 1758 nobis
1668 1691 1837 1758 dicta
1881 1694 2061 1771 sunt,
2126 1691 2501 1777 inprobabit.

767 1799 851 1862 Et
899 1796 1286 1881 proficiscens
1328 1797 1563 1860 Abram
1624 1799 1775 1860 abiit
1817 1801 1882 1860 in
1925 1798 2257 1861 desertum:
2318 1801 2375 1860 et
2404 1796 2613 1878 fames
2646 1795 2824 1875 faeta

595 1907 682 1966 est
721 1923 904 1986 super
939 1906 1184 1965 terram.
1291 1901 1355 1964 et
1409 1899 1476 1963 in
1518 1900 1833 1982 praesenti
1878 1902 1943 1965 61
1984 1901 2051 1964 16
2110 1899 2398 1983 plurimis
2460 1897 2600 1964 aliis
2659 1897 2821 1964 10616

593 2022 708 2089 pro
758 2004 1004 2070 deserto
1043 2004 1122 2067 ad
1159 2009 1434 2068 austrum
1473 2003 1779 2086 scriptum
1824 2005 1922 2069 est
1962 2003 2029 2068 in
2070 2003 2357 2069 hebran.
2460 2002 2582 2068 hoc
2620 2001 2824 2087 igitur
2859 2018 2933 2073 15

595 2110 813 2174 notare
859 2107 1174 2172 debemus.

770 2212 854 2274 Et
897 2210 1182 2275 uidmnt
1225 2232 1355 2274 eam
1390 2214 1695 2295 pn‘nezpes·
1738 2211 2073 2275 Pharaonis
2127 2217 2184 2274 et
2240 2212 2644 2276 laudauerunt
2687 2232 2823 2275 eam

595 2315 675 2380 ad
713 2315 1087 2379 Pharaonem
1131 2319 1186 2379 et
1237 2315 1719 2378 introduxerunt.
1749 2334 1879 2377 eam
1926 2319 1989 2378 in
2044 2315 2287 2379 domum
2332 2317 2684 2393 Raraom’s,
2762 2320 2825 2377 et

596 2420 831 2485 Abram
870 2418 1152 2500 benefecit
1183 2422 1438 2503 propter
1481 2439 1644 2483 eam:
1688 2422 1746 2482 et
1763 2417 2025 2499 fuerunt
2071 2423 2131 2483 ei
2171 2441 2313 2485 oues·
2356 2426 2411 2485 et
2456 2425 2728 2485 armenta
2761 2425 2824 2484 et

596 2526 759 2587 661ὴί
791 2527 848 2586 et
884 2527 1053 2587 serui
1093 2527 1148 2585 et
1188 2524 1468 2600 ancillae,
1510 2524 1671 2585 muli
1710 2526 1768 2586 et
1803 2524 2033 2587 cameli.
2100 2521 2253 2588 licet
2298 2542 2520 2609 corpus
2564 2524 2821 2589 sancta-
2856 2542 2935 2597 20

595 2645 738 2691 rum
780 2624 1122 2691 mulierum
1178 2642 1306 2690 non
1348 2625 1445 2690 uis
1501 2625 1812 2705 maculet,
1872 2623 1982 2691 sed
2026 2626 2354 2706 uoluntas,
2426 2629 2490 2692 et
2536 2626 2822 2692 excusari

593 2730 795 2814 possit
853 2726 1058 2807 Sarai,
1135 2727 1298 2812 quod
1361 2726 1548 2793 famis
1609 2729 1891 2813 tempore
1960 2729 2095 2795 sola
2152 2730 2287 2815 regi
2344 2730 2411 2795 in
2472 2730 2821 2815 peregrinis

593 2832 755 2899 locis
775 2882 790 2911 ,
849 2832 1077 2896 marito
1139 2830 1466 2896 coniuente
1483 2880 1498 2909 ,
1561 2832 1852 2897 resistere
1898 2834 2282 2917 nequiuerit‚
2342 2836 2556 2899 tamen
2606 2835 2825 2916 potest

596 2940 664 3004 et
707 2937 890 3003 aliter
929 2933 1113 3000 foeda
1152 2935 1494 3000 necessitas
1525 2937 1838 3001 excusari:
1885 2938 2050 3020 quod
2091 2938 2267 3003 iuxta
2309 2938 2542 3005 librum
2569 2938 2821 3016 Esther,

595 3056 1025 3123 quaecumque
1065 3037 1403 3103 mulierum
1445 3037 1787 3122 placuisset
1829 3040 1968 3125 regi
2011 3041 2176 3125 apud
2206 3045 2474 3121 ueteres,
2518 3064 2627 3106 sex
2662 3065 2824 3107 men-
2859 3064 2941 3120 25

594 3146 761 3209 sibus
808 3145 1183 3225 unquebatur
1240 3144 1370 3207 oleo
1429 3148 1658 3225 myrteo
1719 3150 1776 3208 et
1838 3166 1948 3209 sex
2008 3150 2308 3212 mensibus
2367 3152 2431 3211 in
2490 3152 2827 3232 piymentis

595 3251 794 3312 uariis
821 3252 952 3309 erat
980 3251 1038 3310 et
1072 3249 1484 3311 morationibus
1500 3246 1900 3328 feminarum,
1931 3256 1988 3314 et
2017 3255 2156 3314 tune
2184 3251 2422 3315 demum
2450 3252 2823 3335 inyredieba-

594 3356 700 3416 tur
741 3349 820 3413 ad
859 3370 1077 3433 reyem.
1168 3350 1355 3433 atque
1399 3349 1491 3415 ita
1527 3353 1741 3435 potest
1782 3351 1921 3417 fieri
1962 3354 2037 3418 nt
2080 3352 2258 3419 Sarai
2298 3356 2635 3439 postquam
2676 3352 2824 3437 pla-

597 3454 815 3519 cuerat
874 3452 1011 3538 regi
1025 3502 1042 3531 ,
1117 3452 1267 3518 dum
1325 3472 1438 3537 per
1502 3473 1737 3521 annum
1803 3456 1935 3521 eius
1997 3454 2076 3521 ad
2128 3477 2346 3542 regem
2408 3459 2826 3543 praeparatur

593 3555 888 3623 introitus
906 3605 922 3635 ,
1012 3557 1076 3620 et
1119 3556 1410 3622 Abrahae
1455 3558 1704 3625 Pharao
1767 3559 1972 3625 11111116
2029 3558 2385 3640 domuerit,
2462 3564 2527 3627 et
2568 3562 2822 3627 Pharao
2861 3594 2941 3651 30

594 3661 816 3744 postea
857 3659 943 3725 sit
993 3679 1326 3743 percussus
1387 3680 1427 3727 a
1471 3662 1722 3728 domino
1741 3712 1756 3742 ‚
1812 3662 1928 3729 illa
1985 3664 2191 3731 adhuc
2244 3666 2485 3731 intacta
2543 3664 2621 3730 ab
2681 3666 2822 3731 eius

599 3761 936 3831 concubitu
978 3767 1402 3849 permanente.

735 3940 803 3996 13
841 3942 952 3995 Gen
973 3941 1108 4006 129
1138 3944 1206 3998 10
1235 3943 1245 4013 Ι
1278 3945 1343 3998 17
1378 3946 1488 3996 Gen
1514 3945 1599 4012 12,
1638 3946 1705 4002 15
1743 3947 1809 4001 16
1840 3949 1849 4014 Ι
1880 3947 1949 4001 25
1988 3949 2180 4000 Esther
2217 3948 2267 4013 2,
2306 3949 2373 4005 12
2402 3950 2471 4005 13

731 4099 765 4155 2
799 4102 950 4153 thara
982 4122 1027 4173 φ
1058 4103 1067 4170 Ι
1099 4100 1134 4155 8
1161 4105 1313 4155 thara
1335 4109 1454 4174 βγφ
1485 4103 1494 4173 Ι
1524 4105 1560 4160 8
1599 4109 1816 4158 charran
1837 4112 1952 4177 βγφ
1980 4115 1989 4171 Ι
2023 4108 2088 4163 10
2127 4109 2345 4159 charran
2368 4114 2458 4177 βγ,
2490 4106 2817 4179 chax-rammi

598 4184 664 4239 14
686 4187 742 4237 in
763 4190 971 4238 alterum
1008 4196 1138 4259 >tp
1170 4188 1177 4257 Ι
1213 4188 1278 4243 19
1295 4199 1351 4241 ut
1369 4189 1436 4246 13
1473 4192 1717 4243 abraham
1750 4198 1872 4263 βγφ
1904 4194 1914 4258 Ι
1945 4192 2014 4247 23
2050 4194 2317 4245 6061116616
2352 4200 2475 4264 βγφ
2492 4197 2528 4258 ²,
2570 4200 2822 4245 6011116616

595 4273 668 4340 φ’
697 4272 708 4341 Ι
737 4271 810 4327 24
840 4274 1098 4327 excussari
1135 4277 1224 4327 boe
1259 4278 1360 4329 loeo
1395 4294 1442 4346 φ
1472 4275 1482 4345 Ι
1511 4277 1586 4333 24
1625 4278 1798 4330 esther
1835 4296 1906 4349 φ,
1942 4280 2113 4331 hester
2148 4284 2223 4349 βγ
2252 4279 2262 4349 Ι
2292 4280 2363 4335 26
2401 4280 2685 4345 ungebatur
2718 4286 2805 4349 βφ
