3169 4941
593 414 660 473 18

591 579 848 661 dicitur,
903 583 1013 648 ubi
1056 601 1252 666 aquae
1299 582 1540 650 calidae
1596 585 2075 668 prorumpentes
2126 583 2197 650 in
2251 603 2425 650 mare
2484 585 2815 650 mortuum
2852 599 2881 653 1

589 685 890 753 defluunt.

764 793 927 856 Filii
963 791 1101 856 Sem
1148 795 1330 856 Elam
1375 799 1432 857 et
1459 792 1665 856 Assur
1706 798 1761 857 et
1790 793 2081 874 Arfaoead
2122 801 2181 858 et
2222 794 2451 857 Ludim
2494 798 2552 856 et
2590 792 2808 856 Aram.

586 895 654 960 hi
698 895 777 962 ab
819 896 1139 978 Euphrate
1184 895 1375 961 fluuio
1419 899 1664 980 partem
1696 896 1889 964 Asiae
1930 917 2127 980 usque
2174 898 2255 962 ad
2296 897 2577 962 indicum
2626 914 2807 960 ocea-

584 1019 740 1066 num
793 1001 1029 1066 tenent.
1131 1001 1230 1065 est
1285 1001 1502 1065 autem
1556 1002 1739 1066 Elam
1757 1052 1772 1079 ‚
1849 1021 1887 1066 a
1947 1021 2067 1086 quo
2128 1002 2441 1067 Elamitae
2494 1000 2807 1083 principes
2842 1007 2876 1062 5

585 1101 876 1168 Persidis.
967 1103 1044 1168 de
1077 1102 1278 1168 Assur
1320 1106 1468 1170 ante
1512 1105 1642 1170 iam
1690 1105 1928 1170 dictum
1974 1108 2071 1171 est
2114 1105 2277 1190 quod
2304 1106 2541 1170 Ninum
2586 1104 2806 1170 urbem

584 1205 950 1273 condiderit.
1039 1207 1346 1286 Arfaxad,
1393 1228 1432 1273 a
1474 1228 1593 1292 quo
1634 1209 1952 1275 Chaldaei.
2036 1210 2299 1298 Ludim‚
2348 1229 2386 1274 a
2428 1228 2551 1291 quo
2592 1206 2805 1291 Lydia.

582 1311 816 1388 Aram,
863 1331 902 1376 a
941 1330 1064 1395 quo
1108 1311 1273 1394 Syri:
1323 1331 1587 1395 quorum
1629 1313 1998 1396 metropolis
2034 1316 2131 1379 est
2172 1313 2539 1378 Damascus,

756 1416 918 1480 miz·
964 1417 1164 1479 Aram
1219 1417 1363 1480 Hus
1428 1423 1486 1480 et
1543 1417 1620 1480 Ul
1674 1422 1730 1481 et
1774 1418 1998 1483 Getker
2051 1423 2108 1481 et
2158 1421 2312 1482 Mes.
2414 1417 2553 1481 ΗΠΒ
2566 1466 2582 1494 ,
2644 1416 2802 1481 Tra-

584 1518 920 1586 chonitidis
967 1521 1032 1584 et
1072 1519 1372 1584 Damasci
1417 1519 1735 1597 conditor,
1782 1520 1947 1585 inter
1991 1520 2419 1586 Palaestinam
2464 1522 2528 1584 et
2572 1497 2803 1584 &cleu
2839 1531 2913 1584 10

581 1621 826 1708 Syriam
873 1623 1081 1689 tenuit
1125 1623 1546 1708 principatum
1565 1673 1580 1702 ,
1652 1643 1690 1688 a
1737 1643 1858 1707 quo
1903 1624 2073 1689 LXX
2118 1625 2493 1708 interpretes
2536 1623 2600 1687 in
2639 1622 2801 1686 libro

579 1726 693 1794 Iob
706 1776 720 1805 ‚
766 1727 877 1791 ubi
918 1727 983 1792 in
1027 1727 1300 1793 hebraeo
1347 1727 1645 1792 scribitur
1684 1734 1853 1792 tero-a
1895 1729 2067 1806 Huc,
2111 1729 2433 1811 regionem
2445 1726 2804 1792 Ausitidem

580 1831 760 1913 quasi
798 1829 1162 1898 Husitidem
1204 1831 1681 1898 transtulerunt.
1770 1831 1855 1896 Ul
1872 1881 1887 1910 ‚
1933 1851 1971 1896 a
2008 1851 2129 1914 quo
2174 1831 2475 1898 Armenii.
2548 1829 2803 1909 Gether‚

581 1953 620 2000 a
661 1954 782 2018 quo
827 1934 1172 2000 Acarnanii
1217 1953 1328 1999 seu
1377 1933 1560 2000 Catii.
1684 1953 1871 2018 porro
1917 1936 2090 2013 Mes,
2151 1954 2265 2019 pro
2312 1955 2432 2018 quo
2477 1934 2647 1999 LXX
2700 1935 2802 1998 in-

577 2040 888 2122 terpretes
930 2038 1192 2104 Mosoch
1235 2038 1556 2117 dixerunt,
1617 2038 1721 2122 qui
1764 2059 1931 2104 nunc
1974 2041 2282 2105 uocantur
2322 2040 2637 2104 Maeones.
2842 2046 2915 2104 15

753 2143 1044 2222 Arfaxad
1093 2148 1302 2226 yenuit
1360 2143 1530 2221 Sela,
1596 2149 1654 2206 et
1708 2143 1851 2208 Sela
1900 2148 2109 2226 yenuit
2150 2144 2371 2208 Heber.
2476 2165 2555 2207 ex
2597 2143 2805 2206 Rebar

576 2253 711 2312 nati
749 2253 887 2311 sunt
949 2247 1066 2310 duo
1102 2247 1269 2328 filii.-
1325 2269 1533 2310 nomen
1593 2252 1705 2310 uni
1758 2248 2019 2331 Phaley,
2084 2252 2226 2330 quia
2288 2252 2353 2310 in
2411 2247 2617 2310 diebus
2672 2251 2807 2310 eius

575 2353 777 2416 diuulsa
823 2357 909 2416 est
951 2357 1146 2430 terra,
1189 2358 1246 2416 et
1289 2373 1497 2418 nomen
1519 2351 1757 2430 fratris
1798 2356 1929 2414 eius
1970 2353 2187 2423 Iectan.
2288 2351 2503 2416 Heber
2519 2398 2534 2429 ‚
2596 2369 2634 2414 a
2677 2369 2801 2434 quo

575 2454 880 2533 Hebraei,
929 2454 1228 2521 uaticinio
1275 2453 1544 2538 quodam
1589 2453 1717 2520 filio
1763 2474 1875 2521 suo
1920 2455 2166 2539 Phaleg
2220 2474 2449 2521 nomen
2503 2455 2801 2538 inposuit,

576 2561 684 2644 qui
725 2560 1178 2643 interpretatur
1233 2558 1456 2625 diuisio
1475 2609 1491 2638 ‚
1577 2559 1657 2623 ab
1705 2578 1777 2624 eo
1797 2609 1812 2639 ‚
1876 2560 2043 2643 quod
2088 2560 2154 2623 in
2202 2558 2419 2625 diebus
2483 2560 2617 2625 eius
2673 2560 2801 2624 lin-
2838 2571 2919 2625 20

573 2682 734 2748 guae
778 2664 847 2728 in
890 2662 1214 2745 Babylone
1257 2662 1493 2728 diuisae
1539 2665 1700 2729 sunt

747 2772 947 2833 Ieotcm
984 2772 1194 2851 yenuit
1231 2768 1601 2832 Helmodath
1648 2774 1707 2831 et
1756 2767 1938 2847 Sales
1982 2775 2039 2831 et
2084 2767 2405 2833 Asermoth
2464 2775 2520 2833 et
2564 2770 2705 2831 Iare
2744 2773 2803 2834 et

571 2874 853 2937 Adue-am
895 2878 953 2936 et
1010 2874 1155 2935 Uzal
1197 2878 1266 2935 et
1295 2874 1506 2949 Beda,
1551 2874 1715 2935 Ebal
1726 2922 1743 2950 ,
1784 2872 2123 2950 Abimahel,
2180 2872 2349 2950 Seba,
2397 2874 2542 2954 Ofir,
2588 2875 2798 2950 Euila,

572 2980 770 3043 Iobab.
906 2976 1134 3041 harum
1215 2976 1498 3059 gentium
1577 2976 1927 3059 posteriora
1995 2976 2251 3041 nomina
2310 2976 2591 3042 inuenire
2668 2994 2797 3040 non

568 3081 779 3167 potui,
825 3079 936 3145 sed
979 3098 1176 3163 usque
1221 3080 1287 3143 in
1330 3099 1657 3162 praestem,
1704 3081 1851 3162 quia
1894 3081 2115 3163 procul
2156 3081 2416 3161 anobis
2462 3083 2642 3159 sunt,
2687 3080 2797 3145 uel
2832 3092 2908 3147 25

567 3186 662 3251 ita
703 3186 1010 3251 uocantur
1053 3184 1127 3247 ut
1169 3182 1474 3267 primum,
1519 3183 1627 3249 uel
1673 3203 1831 3275 quae
1876 3185 2214 3249 immutata
2259 3187 2431 3261 sunt,
2492 3185 2793 3269 ignoran-

565 3291 689 3355 tur.
809 3285 1228 3371 possederunt
1286 3289 1498 3352 autem
1557 3307 1599 3366 a
1656 3287 1944 3371 Cophene
2002 3288 2194 3353 fluuio
2262 3308 2513 3355 omnem
2571 3287 2793 3353 Indiae

564 3393 888 3477 regionem
903 3441 918 3470 ‚
982 3411 1138 3476 quae
1183 3393 1447 3457 uocatur
1489 3392 1671 3457 Ieria.

740 3498 822 3561 Et
873 3502 1145 3561 mortuus
1197 3502 1285 3560 est
1336 3496 1514 3559 Aran
1573 3502 1707 3559 ante
1760 3502 2003 3581 patrem
2054 3518 2233 3560 suum
2288 3501 2359 3560 in
2417 3501 2579 3560 terra
2594 3546 2612 3574 ,
2667 3518 2790 3579 qua

523 3592 528 3595 ¹
564 3606 740 3666 nabas
777 3606 895 3680 est,
945 3606 1010 3663 in
1051 3605 1291 3683 reyione
1333 3601 1787 3697 Chaldaeorum.
1887 3618 2001 3682 pro
2050 3619 2149 3679 00,
2198 3600 2362 3682 quod
2406 3598 2676 3683 legimus
2718 3605 2789 3663 -in
2822 3623 2901 3677 30

719 3776 754 3831 3
795 3780 906 3829 Gon
946 3777 1028 3840 10,
1066 3776 1135 3831 22
1182 3776 1190 3843 Ι
1245 3778 1278 3831 9
1317 3778 1427 3827 Gen
1464 3776 1548 3842 10,
1582 3777 1652 3831 23
1700 3775 1709 3845 Ι
1760 3778 1827 3831 12
1859 3776 1952 3827 Iob
1993 3778 2039 3841 1,
2082 3778 2112 3831 1
2143 3776 2153 3846 Ι
2187 3778 2252 3832 16
2291 3778 2400 3828 Gen
2440 3777 2521 3840 10,
2561 3777 2632 3831 24
2670 3776 2779 3844 25Ι

561 3864 630 3920 22
668 3864 778 3915 Gen
811 3861 898 3927 10,
935 3862 1151 3917 26--29
1182 3861 1191 3931 Ι
1222 3863 1291 3918 29
1329 3865 1441 3914 Gen
1477 3863 1560 3927 11,
1598 3863 1669 3917 28

698 4024 733 4077 3
768 4023 928 4075 ludim
964 4029 1053 4091 βγ,
1089 4023 1202 4075 ludi
1237 4043 1284 4095 φ
1316 4023 1324 4091 Ι
1357 4024 1388 4077 ’ἵ
1423 4032 1480 4074 ut
1517 4024 1552 4079 3
1581 4022 1593 4090 Ι
1634 4025 1667 4078 9
1702 4025 1800 4075 hus
1834 4033 2041 4087 utroque
2077 4028 2175 4075 loco
2210 4029 2299 4091 βγ,
2331 4038 2392 4073 us
2432 4042 2477 4094 φ
2522 4021 2531 4090 Ι
2574 4022 2643 4076 12
2674 4027 2780 4073 ter-

558 4126 668 4163 ram
701 4126 765 4162 us
803 4129 846 4180 φ
891 4109 899 4177 Ι
946 4108 1011 4163 13
1044 4109 1284 4161 usitidem
1318 4112 1482 4180 β’γφ,
1517 4109 1713 4161 ntidem
1747 4112 1809 4177 ,81
1853 4112 1863 4174 Ι
1908 4107 1975 4162 14
2006 4109 2263 4159 acarnanii
2298 4113 2386 4177 βγ,
2442 4109 2649 4159 carnani
2682 4126 2731 4178 φ
2772 4108 2779 4179 Ι

559 4196 628 4250 16
663 4210 726 4246 ex
761 4200 852 4262 βγ,
889 4199 938 4243 et
976 4214 1020 4265 φ
1053 4193 1062 4262 Ι
1094 4195 1161 4251 18
1196 4196 1363 4247 iectan
1377 4200 1466 4263 βγ,
1503 4197 1723 4260 gecthan
1758 4212 1801 4263 φ
1833 4192 1843 4262 Ι
1874 4192 1943 4247 22
1974 4193 2149 4244 Iectan
2165 4198 2217 4259 β,
2262 4193 2445 4245 Sectan
2462 4210 2517 4261 γ,
2564 4192 2783 4245 Jeethan

557 4300 604 4351 φ
635 4280 644 4348 Ι
677 4282 744 4336 22
777 4278 1072 4333 helmodath
1105 4287 1194 4350 βγ,
1232 4281 1464 4333 elmodad
1498 4301 1545 4350 φ
1575 4281 1587 4349 Ι
1616 4282 1685 4335 22
1723 4280 1975 4331 aser-math
2010 4298 2055 4347 φ
2087 4278 2096 4348 Ι
2142 4278 2211 4333 28
2244 4278 2409 4330 hieria
2447 4298 2492 4349 φ
2538 4277 2547 4347 Ι
2590 4276 2659 4331 29
2696 4295 2781 4331 ar-

555 4381 729 4438 ῐΒΏφ
