3169 4941
578 1732 926 1815 Postquam
997 1729 1322 1796 academia
1388 1727 1877 1809 uindcbonensis
1944 1731 2198 1812 patrum
2269 1729 2610 1797 latinorum

389 1850 772 1917 edendorum
828 1849 1157 1917 consilium
1212 1851 1409 1935 cepit,
1493 1869 1678 1916 nemo
1740 1849 1924 1916 facile
1985 1850 2105 1915 sibi
2147 1850 2294 1916 libri
2346 1850 2608 1917 alicuius

386 1972 872 2060 recognoscendi
915 1990 1132 2037 curam
1173 1971 1390 2055 inponi
1440 1971 1715 2055 patietur
1729 2020 1745 2048 ‚
1809 1990 1994 2055 quem
2040 1971 2119 2036 ab
2163 1969 2277 2036 illa
2331 1971 2397 2035 in
2456 1988 2607 2036 con-

385 2091 720 2158 lectionem
765 2110 945 2157 suam
988 2093 1313 2176 receptum
1368 2091 1450 2156 iri
1490 2093 1738 2156 certum
1791 2090 1890 2156 sit.
1982 2111 2189 2175 neque
2244 2091 2443 2176 igitur
2488 2110 2603 2177 ego

387 2209 468 2277 ad
512 2211 886 2295 Hieronymi
931 2212 1327 2295 quaestiones
1386 2211 1713 2278 hebraicas
1736 2211 1923 2296 ,typis
1972 2212 2409 2278 exscribendas
2467 2232 2605 2277 ma-

384 2351 538 2396 num
581 2329 1030 2408 admouissem‚
1089 2330 1212 2395 nisi
1266 2333 1521 2416 propter
1565 2331 1917 2397 uersionem
1973 2331 2375 2417 septuaginta
2432 2331 2605 2397 uiro-

383 2472 523 2519 rum
543 2502 558 2531 ,
630 2470 789 2537 quae
851 2449 1078 2519 dicitur
1095 2502 1110 2532 ‚
1182 2452 1604 2519 necessarium
1666 2451 1878 2519 uisum
1952 2454 2120 2519 esset
2178 2472 2253 2518 ex
2304 2451 2604 2539 exemplis

385 2572 697 2657 aliquibus
770 2572 846 2638 de
919 2571 1040 2638 fide
1105 2570 1436 2640 certiorem
1502 2572 1669 2652 fieri,
1760 2594 1885 2658 qua
1940 2574 2312 2658 Hieronymi
2371 2574 2603 2657 scripta

383 2693 554 2760 edita
595 2695 768 2775 sunt,
804 2740 806 2743 ψ
839 2691 920 2759 ad
964 2694 1320 2761 uersionem
1369 2693 1546 2761 illam
1594 2696 1657 2759 ct
1715 2694 2265 2779 interpretationes
2330 2713 2437 2761 eas
2497 2714 2603 2761 co-

379 2813 769 2899 gnoscendas
784 2863 801 2892 ‚
847 2833 1004 2897 quae
1045 2814 1225 2880 illam
1271 2816 1521 2881 secutae
1565 2814 1737 2881 illius
1782 2813 2271 2897 corrumpendae
2314 2816 2380 2879 et
2422 2834 2603 2880 occa-

381 2935 622 2999 sionem
664 2936 730 2999 et
771 2934 1106 3000 materiam
1141 2932 1597 3017 praebuerunt,
1640 2934 1985 3019 plurimum
2026 2934 2339 3001 facientia.
2387 2936 2603 3000 exten-

382 3052 596 3119 deram
650 3072 904 3139 operam
960 3074 1169 3121 meam
1223 3055 1305 3120 ad
1364 3055 1645 3121 eiusdem
1687 3055 2059 3137 Hieronymi
2119 3053 2194 3120 de
2246 3054 2603 3121 nominibus

379 3171 692 3238 hebraicis
766 3176 830 3239 et
901 3173 977 3240 de
1044 3176 1172 3241 situ
1251 3178 1316 3241 et
1385 3175 1743 3242 nominibus
1815 3175 2101 3243 locorum
2164 3175 2604 3241 hebraicorum

273 3308 282 3317 ·
379 3292 606 3371 libros,
671 3311 895 3359 uerum
957 3295 1023 3358 et
1083 3292 1348 3360 aduersa
1391 3294 1755 3363 ualetudine
1809 3298 1873 3361 et
1932 3294 2045 3363 otii
2106 3296 2264 3363 mihi
2322 3297 2605 3364 concessi

380 3412 692 3478 breuitate
759 3412 1076 3498 inpeditus
1133 3433 1273 3479 sum
1291 3462 1308 3491 ‚
1390 3416 1725 3498 quominus
1785 3415 1929 3481 illos
1946 3465 1962 3493 ‚
2030 3434 2293 3499 quorum
2354 3419 2607 3501 partem

382 3531 659 3616 aliquam
704 3530 834 3597 iam
873 3532 1042 3615 typis
1089 3532 1355 3599 exscribi
1401 3552 1767 3599 curaueram
1782 3582 1797 3611 ‚
1843 3534 1991 3598 huic
2035 3534 2334 3617 opusculo
2380 3533 2602 3601 adiun-

380 3671 614 3738 gerem.
720 3671 921 3736 neque
966 3670 1068 3717 me
1122 3650 1474 3735 inpeditum
1518 3671 1656 3718 esse
1698 3651 1876 3718 doleo
1893 3702 1910 3731 ‚
1968 3671 2191 3736 quum,
2253 3654 2308 3718 si
2353 3674 2426 3719 ex
2472 3654 2602 3721 alto

381 3791 600 3839 eorum
618 3820 633 3850 ,
690 3771 913 3858 quibus
971 3791 1113 3838 mea
1159 3790 1348 3837 curae
1395 3790 1532 3839 0000
1580 3771 1909 3852 deberent,
1974 3772 2224 3839 silentio
2271 3776 2337 3839 et
2380 3774 2602 3859 exiguo

379 3893 784 3959 uenditorum
851 3892 1280 3977 exemplorum
1361 3911 1623 3958 numero
1694 3891 2000 3959 iudicium
2072 3893 2157 3958 sit
2227 3892 2601 3971 faciendum,

381 4014 630 4081 soleant
701 4012 852 4078 libri
913 4014 1042 4079 mei
1100 4012 1370 4079 totidem
1431 4012 1681 4097 paginis
1747 4012 2064 4099 longiores
2140 4010 2343 4079 uideri
2359 4061 2374 4091 ,
2451 4015 2639 4097 quot

380 4133 633 4199 habent.

558 4249 930 4333 Hieronymi
968 4249 1214 4317 codices
1271 4247 1481 4315 edenti
1523 4248 1605 4315 ad
1646 4266 1872 4315 manus
1930 4248 2186 4313 fuerunt
2238 4248 2369 4313 tres
2383 4298 2399 4326 ‚
2453 4266 2601 4316 narn

381 4369 678 4455 quartum
720 4367 826 4433 uix
866 4386 1168 4454 umquam
1215 4367 1456 4452 inspexi
1476 4416 1492 4449 ‚
1537 4366 1831 4453 quintum
1875 4364 2011 4434 uidi
2048 4364 2319 4431 tantum.
