3169 4941
527 420 629 477 124
1463 428 1689 485 Genesis
1723 432 1810 486 31.

523 583 598 651 δὲ
653 580 851 673 ᾤχετο
913 592 1122 677 κεῖραι
1181 588 1264 655 τὰ
1323 585 1628 678 πρόβατα
1686 589 1908 659 αὐτοῦ·
1975 588 2211 681 ἔκλεψε
2262 592 2335 661 δὲ
2383 590 2611 682 Ῥαχὴλ
2664 592 2748 660 τὰ
2786 615 2809 657 1

525 684 762 757 εἴδωλα
804 698 918 757 τοῦ
963 691 1215 781 πατρὸς
1268 694 1478 783 αὐτῆς.
1576 700 1636 739 ²⁰
1650 693 1890 786 ἔκρυψε
1949 696 2023 764 δὲ
2059 689 2301 782 Ἰακώβ
2343 692 2591 782 Λάβαν
2632 697 2746 764 τὸν

522 792 726 879 Σύρον
740 846 758 876 ,
833 803 949 862 τοῦ
1009 797 1098 886 μὴ
1156 794 1525 885 ἀναγγεῖλαι
1579 792 1754 889 αὐτῷ
1810 798 1915 869 ὅτι
1974 793 2465 889 ἀποδιδράσκει.
2563 805 2621 843 ²¹
2637 800 2749 867 καὶ

521 894 782 987 ἀπέδρα
817 892 1014 979 αὐτὸς
1053 900 1165 968 καὶ
1203 901 1286 968 τὰ
1330 900 1528 970 αὐτοῦ
1572 899 1819 988 πάντα,
1872 904 1983 972 καὶ
2026 903 2213 994 διέβη
2268 905 2382 973 τὸν
2428 905 2747 991 ποταμόν,

523 1002 636 1070 καὶ
680 1001 971 1094 ὥρμησεν
1013 1004 1106 1087 εἰς
1145 1006 1222 1074 τὸ
1267 1004 1418 1097 ὅρος
1457 1016 1519 1074 Γ
1511 1004 1740 1077 αλαάδ.
1836 1002 2215 1098 ῃάνηγγέλη
2258 1009 2332 1077 δὲ
2370 1006 2619 1095 Λάβαν
2648 1018 2743 1099 τῷ
2779 1028 2809 1075 5

521 1106 706 1195 Σύρῳ
761 1112 842 1197 τῇ
899 1106 1104 1200 ἡμέρᾳ
1147 1118 1227 1203 τῇ
1265 1108 1448 1201 τρίτῃ
1491 1111 1595 1180 ὅτι
1641 1105 1899 1201 ἀπέδρα
1930 1109 2186 1198 Ἰακώβ.
2284 1117 2341 1156 ²3
2356 1114 2468 1181 καὶ
2527 1140 2747 1201 παρα-

522 1211 736 1296 λαβών
795 1213 946 1292 τοὺς
1014 1206 1334 1304 ἀδελφοὺς
1399 1214 1594 1285 αὐτοῦ
1662 1210 1816 1301 μεθ’
1893 1214 2119 1285 ἑαυτοῦ
2194 1215 2457 1299 ἐδίωξεν
2522 1210 2747 1285 ὄπίσω

524 1314 723 1382 αὐτοῦ
781 1312 930 1383 ὁδὸν
983 1314 1232 1406 ἡμερῶν
1270 1315 1443 1386 ἑπτά
1457 1376 1473 1406 ,
1551 1321 1665 1387 καὶ
1718 1320 2065 1405 κατέλαβεν
2122 1317 2313 1387 αὐτὸν
2364 1318 2431 1386 έν
2473 1327 2567 1409 τῷ
2608 1317 2743 1406 ὄρει

524 1424 587 1483 Γ
580 1415 806 1489 αλαάδ.
900 1414 1140 1509 Μἦλθε
1195 1422 1269 1490 δὲ
1328 1422 1364 1491 ὁ
1428 1424 1591 1505 θεὸς
1646 1425 1817 1512 πρὸς
1856 1423 2101 1509 Λάβαν
2156 1423 2270 1491 τὸν
2325 1419 2524 1514 Σύρον
2580 1418 2743 1491 ’καθ’

523 1524 724 1593 ὕπνον
772 1525 890 1615 τὴν
933 1521 1130 1593 νύκτα
1175 1526 1289 1593 καὶ
1345 1521 1530 1594 εἶπεν
1575 1520 1747 1617 αὐτῷ
1798 1524 2083 1610 Φύλαξαι
2131 1528 2403 1596 σεαυτὸν
2418 1581 2433 1611 ,
2491 1524 2747 1617 μήποτε
2787 1550 2850 1595 10

521 1629 801 1719 λαλήσῃς
859 1630 1023 1716 μετὰ
1072 1625 1315 1717 Ἰακώβ
1370 1631 1642 1722 πονηρά.
1738 1631 1924 1699 ’35καὶ
1976 1632 2291 1717 κατέλαβε
2333 1630 2579 1717 Λάβαν
2636 1632 2749 1699 τὸν

518 1727 786 1820 Ἰακώβ·
841 1726 1077 1820 Ἰακώβ
1118 1735 1192 1802 δὲ
1231 1732 1432 1825 ἔπηξε
1468 1735 1582 1825 τὴν
1627 1736 1862 1826 σκηνὴν
1904 1728 2099 1803 αὐτοῦ
2142 1736 2210 1802 ἐν
2254 1742 2348 1825 τῷ
2378 1733 2542 1825 ὄρει,
2591 1732 2748 1804 Λά-

523 1846 647 1925 βαν
710 1837 784 1906 δὲ
845 1836 1073 1928 ἔστησε
1137 1839 1288 1919 τοὺς
1351 1832 1676 1928 ἀδελφοὺς
1739 1833 1933 1908 αὐτοῦ
1994 1840 2061 1907 ἕν
2116 1848 2209 1907 τῶ
2267 1837 2404 1928 ὄρει
2466 1847 2528 1905 Γ
2520 1840 2744 1908 αλαάδ.

535 1948 596 1987 ²⁶
622 1936 773 2010 εἷπε
830 1943 904 2010 δὲ
948 1938 1194 2028 Λάβαν
1253 1950 1349 2031 τῷ
1386 1942 1616 2030 Ἰακὼβ
1681 1943 1767 2011 Τί
1823 1941 2177 2033 ε’ποίησας,·
2248 1946 2357 2010 ἵνα
2410 1942 2478 2011 τί
2536 1952 2747 2034 κρυφῆ

525 2043 845 2134 ἀπέδρας,
893 2047 1004 2114 καὶ
1049 2044 1587 2137 ἐκλοποφόρησάς
1624 2075 1737 2134 με,
1778 2047 1891 2115 καὶ
1938 2042 2268 2138 ἀπήγαγες
2300 2048 2425 2128 ,τὰς
2463 2048 2747 2134 θυγατέ-
2787 2059 2852 2107 15

525 2176 641 2240 ρας
683 2175 808 2234 μου
848 2148 939 2231 ὡς
979 2147 1452 2236 αἰχμαλώτιδας
1493 2150 1819 2242 μαχαίρᾳ,-
1882 2152 2063 2219 27καὶ
2106 2150 2166 2220 εἰ
2204 2145 2579 2241 ἀνήγγειλάς
2610 2142 2745 2237 μοι,

523 2252 955 2336 έξαπέστειλα
997 2252 1077 2321 ὖίν
1118 2256 1193 2322 σέ
1235 2252 1372 2340 μετ’
1415 2249 1833 2347 εὖφροσύνης,
1909 2255 2022 2323 καὶ
2062 2256 2227 2340 μετὰ
2268 2263 2593 2340 μουσικῶν
2640 2256 2751 2323 καὶ

523 2354 880 2443 τυμπάνων
923 2358 1034 2427 καὶ
1076 2356 1374 2448 κιθάρας.
1468 2360 1649 2429 maai
1692 2354 1807 2428 οὐκ
1851 2354 2139 2450 ἠξιώθην
2188 2363 2626 2449 καταφιλῆσαι
2668 2360 2752 2427 τὰ

525 2460 767 2531 παιδία
809 2491 934 2549 μου
977 2464 1091 2533 καὶ
1133 2465 1253 2546 τὰς
1279 2464 1648 2554 θυγατέρας
1674 2491 1799 2552 μου
1820 2489 1834 2502 ·
1879 2468 1985 2531 νῦν
2012 2464 2086 2533 δὲ
2116 2462 2413 2553 ἀφρόνως
2443 2461 2748 2553 ἔπραξας.

534 2571 592 2611 ²⁹
611 2567 718 2635 καὶ
765 2576 873 2635 νῦν
919 2565 1122 2652 ἰσχύει
1167 2567 1205 2661 ἡ
1245 2567 1385 2658 χείρ
1425 2595 1551 2655 μου
1596 2567 2040 2660 κακοποιῆσαί
2083 2591 2185 2635 σε·
2233 2567 2269 2637 ὃ
2313 2569 2386 2637 δὲ
2426 2569 2590 2649 θεὸς
2630 2574 2748 2636 τοῦ
2786 2577 2854 2622 20

668 2809 698 2862 1
735 2826 896 2881 κηραι
932 2825 986 2860 m
1017 2811 1027 2874 Ι
1061 2809 1088 2860 1
1128 2811 1360 2876 εκλεψεν
1398 2806 1600 2862 AEFt¹
1632 2812 1639 2876 Ι
1688 2808 1722 2861 2
1758 2809 1937 2862 ιδωλα
1972 2806 2051 2860 Α.
2093 2807 2337 2875 „Aquila
2371 2827 2747 2878 μορφωματα,

527 2893 877 2962 Symmachus
912 2898 1228 2966 θεραφειν“
1262 2893 1296 2948 b
1329 2897 1337 2963 Ι
1369 2895 1403 2948 2
1428 2906 1667 2968 εκρυψεν
1689 2893 1868 2958 ΑΕῡΙ,
1910 2896 2137 2962 εκλεψεν
2171 2894 2221 2946 D
2245 2893 2353 2962 [Gn]
2374 2933 2387 2945 .
2414 2893 2479 2948 (le
2496 2893 2541 2946 F
2571 2893 2747 2947 lacero

524 2996 632 3034 non
675 2983 886 3036 constat
920 2984 1097 3035 utrum
1149 3000 1214 3053 ρυ
1247 2998 1317 3035 an
1356 2985 1414 3035 λε
1451 2981 1701 3036 habuerit
1715 3021 1728 3046 ,
1783 3001 1816 3034 ν
1847 2981 1904 3034 in
1948 2979 2055 3033 fine
2105 2979 2300 3034 habere
2339 2995 2461 3034 eum
2497 2979 2695 3034 seimus
2732 2979 2741 3049 Ι

525 3071 561 3124 2
597 3075 771 3135 ιακωβ
822 3070 883 3122 δε
921 3079 1162 3138 εκρυψεν
1199 3067 1243 3120 Ε
1314 3069 1321 3136 Ι
1388 3068 1422 3121 3
1459 3070 1805 3138 απαγγειλαι
1838 3070 1865 3121 t
1910 3067 1918 3135 Ι
1983 3068 2016 3120 3
2056 3067 2355 3135 διδρασκει
2390 3083 2423 3119 a
2461 3066 2608 3135 [y=
2633 3066 2689 3136 b]
2734 3064 2741 3135 Ι

524 3157 561 3210 4
595 3175 662 3208 τα
699 3173 867 3208 αυτου
906 3171 1089 3207 παντα
1127 3153 1248 3218 abe,
1301 3172 1482 3206 πάντα
1515 3174 1583 3206 τα
1620 3173 1789 3208 αυτου
1828 3153 1927 3206 AD
1970 3155 2085 3220 [GR]
2125 3153 2279 3205 Fmtz
2345 3151 2353 3220 Ι
2418 3152 2454 3206 4
2490 3154 2616 3205 ante
2653 3172 2746 3205 και

525 3241 754 3296 alterum
787 3241 853 3307 -Ι-
895 3260 989 3293 και
1027 3255 1224 3307 ανεστη
1262 3241 1313 3294 D
1340 3240 1455 3309 [GR]
1490 3241 1497 3309 Ι
1529 3241 1563 3294 6
1600 3259 1665 3312 τῃ
1705 3258 1886 3312 ημερᾳ
1923 3259 1986 3312 τῃ
2024 3259 2175 3312 τριτῃ
2210 3238 2363 3302 abcz,
2401 3257 2465 3305 τη
2490 3239 2616 3311 ,[τηι
2640 3239 2743 3307 mt]

523 3347 674 3401 τριτη
716 3346 895 3399 ημερα
927 3326 1148 3380 AEFmt
1179 3328 1187 3397 Ι
1219 3328 1251 3381 ’7
1287 3329 1414 3380 ante
1452 3346 1576 3385 τους
1612 3329 1677 3394 -Ι-
1716 3345 1927 3385 παντας
1960 3323 2059 3379 AD
2086 3325 2205 3394 [GR]
2230 3325 2491 3388 EFamtz,
2530 3327 2595 3392 -Ι-
2622 3343 2750 3384 τους

525 3432 679 3473 υιους
719 3433 886 3466 αυτου
909 3433 1002 3467 και
1028 3429 1057 3466 c
1087 3415 1095 3482 Ι
1128 3414 1160 3467 7
1192 3420 1309 3482 μεθ
1332 3432 1499 3465 αυτου
1523 3413 1596 3476 F,
1634 3431 1738 3483 μετ
1757 3412 1928 3465 ἀυτου
1949 3428 2007 3474 c,
2047 3422 2113 3470 >
2141 3431 2168 3464 z
2200 3413 2207 3480 Ι
2240 3412 2272 3465 ’7
2299 3412 2627 3472 κατεδιωξεν
2652 3427 2708 3464 cz
2734 3409 2743 3479 Ι

526 3503 560 3556 9
597 3504 722 3555 ante
760 3517 978 3556 uersum
1016 3503 1080 3568 -Ι-
1121 3521 1195 3554 τω
1231 3502 1281 3554 D
1307 3499 1423 3570 [σε]
1452 3500 1640 3568 Fmty‚
1676 3501 1741 3565 -Ι-
1778 3519 1855 3568 τῳ
1892 3515 1927 3553 a
1981 3499 1987 3566 Ι
2044 3500 2079 3553 9
2116 3500 2305 3566 rai-ad*
2336 3514 2392 3550 m
2446 3496 2455 3564 Ι
2510 3498 2545 3551 9
2574 3499 2749 3562 ηλθεν

524 3587 722 3642 AEFt1
753 3589 760 3657 Ι
793 3590 828 3643 9
863 3608 893 3640 ο
931 3587 1084 3656 θεος]
1127 3589 1364 3656 αγγελος
1397 3602 1486 3655 ay.
1511 3587 1556 3640 F
1579 3587 1724 3640 lacer
1755 3586 1762 3654 Ι
1798 3586 1863 3639 10
1898 3605 1961 3651 τη
1998 3603 2157 3638 νυκτι
2182 3602 2209 3636 z
2242 3585 2251 3650 Ι
2284 3584 2350 3636 10
2385 3585 2592 3654 φυλαξε
2628 3581 2705 3635 Az
2735 3581 2743 3652 Ι

527 3674 594 3727 10
613 3689 844 3726 σεαυτον
865 3682 931 3730 >
951 3690 1009 3735 c,
1048 3677 1257 3726 σεαυτῶ
1276 3689 1305 3725 z
1337 3672 1344 3740 Ι
1381 3674 1442 3727 11
1473 3675 1726 3738 λαλησεις
1748 3673 1803 3725 tz
1834 3671 1842 3740 Ι
1876 3673 1940 3725 11
1963 3670 2131 3741 μετα]
2170 3689 2308 3741 προς
2322 3669 2496 3739 Eacyz
2527 3672 2535 3734 Ι
2569 3670 2632 3723 11
2654 3688 2747 3720 ια-

524 3761 659 3828 κωβ]
684 3777 850 3812 αυτον
869 3776 901 3812 a
921 3756 1130 3828 [y=b]
1164 3757 1173 3828 Ι
1208 3761 1271 3812 11
1292 3757 1536 3829 πονηρα]
1557 3760 1763 3832 σκληρά
1791 3758 1840 3811 D
1863 3757 1971 3826 [GR]
1994 3757 2077 3810 mt
2092 3796 2104 3819 ‚
2142 3756 2238 3810 sed
2258 3757 2335 3808 mt
2368 3759 2573 3829 σκληρα
2592 3769 2747 3808 suum

523 3849 650 3900 ante
683 3849 918 3920 λαλησῃς
953 3848 1197 3900 nostrum
1229 3846 1439 3913 ponunt
1468 3845 1478 3910 Ι
1512 3847 1577 3900 11
1605 3846 1902 3912 κατελαβεν
1924 3842 2128 3896 AEFtl
2154 3843 2163 3910 Ι
2200 3844 2268 3897 12
2294 3844 2491 3907 επηξεν
2507 3840 2703 3895 AEFt¹
2736 3840 2743 3910 Ι

526 3934 593 3986 12
629 3932 852 4001 σκηνην]
891 3932 1031 3984 οδον
1064 3950 1155 3998 της
1189 3934 1382 3996 σκευῆς
1417 3945 1476 3993 a,
1516 3931 1659 3983 οδον
1692 3949 1786 3995 της
1820 3947 2020 3995 σκηνης
2044 3944 2081 3996 y
2110 3930 2119 3995 Ι
2154 3928 2219 3981 13
2258 3942 2484 3993 εστησεν
2500 3926 2665 3980 AER
2687 3932 2707 3962 ¹
2737 3926 2744 3997 Ι

527 4021 594 4075 14
633 4037 792 4072 ειπεν
825 4019 1059 4080 ΑΒΕῒῙ,
1099 4036 1193 4070 και
1228 4016 1445 4069 ειπενΕ
1477 4016 1486 4083 Ι
1519 4017 1588 4072 14
1607 4017 1669 4073 δε
1691 4016 1820 4074 >Ε
1853 4017 1861 4082 Ι
1896 4015 1963 4070 14
1980 4017 2105 4084 post
2122 4015 2651 4080 εποιησας-Ι-τουτο
2678 4031 2705 4066 z
2738 4013 2745 4080 Ι

525 4106 592 4160 14
628 4113 796 4180 κρυβη
833 4104 984 4174 Aay.
1021 4106 1085 4157 ut
1116 4103 1152 4157 b
1187 4103 1351 4157 etiam
1387 4104 1436 4157 D
1469 4103 1476 4172 Ι
1513 4104 1671 4170 14s15
1708 4103 1954 4175 απεδρας
1986 4120 2169 4174 κρυφη
2206 4116 2233 4152 c
2266 4099 2273 4167 Ι
2306 4100 2375 4154 15
2399 4119 2493 4152 και
2518 4119 2611 4152 και
2640 4116 2697 4152 m
2737 4099 2745 4169 Ι

527 4192 592 4246 15
627 4196 1090 4265 εκλοποφωρησας
1123 4207 1180 4243 m
1242 4192 1251 4254 Ι
1316 4191 1382 4243 16
1421 4192 1759 4257 αναγγειλας
1790 4206 1817 4240 z
1872 4189 1881 4258 Ι
1950 4187 2013 4241 17
2050 4186 2193 4257 μετ’]
2233 4204 2375 4257 μετα
2412 4203 2441 4238 0
2486 4186 2491 4254 Ι
2550 4186 2614 4239 17
2655 4205 2750 4239 και

524 4279 752 4332 alterum
786 4287 853 4336 >
888 4277 987 4331 AD
1027 4277 1142 4346 [Gn]
1183 4276 1388 4330 EFamt
1443 4275 1450 4343 Ι
1519 4275 1584 4329 18
1621 4276 1747 4343 post
1795 4280 2035 4347 κιθαρας
2066 4273 2116 4325 D
2154 4291 2185 4323 ο
2222 4270 2413 4325 habet:
2468 4271 2752 4340 sequentia

523 4363 896 4418 desiderantur
939 4364 946 4432 Ι
991 4363 1058 4418 18
1093 4382 1188 4416 και
1223 4362 1452 4416 alterum
1488 4371 1556 4420 >
1594 4359 1693 4414 AD
1714 4359 1829 4428 [612]
1854 4358 2083 4412 Echtz
2138 4358 2145 4423 Ι
2197 4357 2265 4411 18
2300 4377 2367 4410 ου
2402 4360 2751 4422 acarna-'amem’

523 4451 757 4520 φιλησαι
794 4464 822 4502 0
866 4449 874 4517 Ι
920 4448 1078 4514 18119
1117 4467 1213 4506 τας
1247 4453 1561 4517 θυγατερας
1592 4465 1703 4516 μου
1741 4465 1831 4499 και
1868 4463 1938 4497 τα
1972 4444 2177 4496 παιδια
2218 4463 2333 4516 μου
2366 4443 2411 4496 Ε
2455 4442 2464 4510 Ι
2516 4444 2591 4498 20
2626 4443 2752 4511 post
