<?xml version="1.0" encoding="UTF-8"?>
<!DOCTYPE html PUBLIC "-//W3C//DTD XHTML 1.0 Transitional//EN"
    "http://www.w3.org/TR/xhtml1/DTD/xhtml1-transitional.dtd">
<html xmlns="http://www.w3.org/1999/xhtml" xml:lang="en" lang="en">
 <head>
  <title>
</title>
<meta http-equiv="Content-Type" content="text/html;charset=utf-8" />
  <meta name='ocr-system' content='tesseract 3.04.00' />
  <meta name='ocr-capabilities' content='ocr_page ocr_carea ocr_par ocr_line ocrx_word'/>
</head>
<body>
  <div class='ocr_page' id='page_1' title='image "./genesisgraeceef00unkngoog_0180.png"; bbox 0 0 3169 4941; ppageno 0'>
   <div class='ocr_carea' id='block_1_1' title="bbox 1326 475 2619 531">
    <p class='ocr_par' dir='ltr' id='par_1_1' title="bbox 1326 475 2619 531">
     <span class='ocr_line' id='line_1_1' title="bbox 1326 475 2619 531; baseline -0.001 -1"><span class='ocrx_word' id='word_1_1' title='bbox 1326 475 1552 530; x_wconf 81' lang='lat' dir='ltr'>Genesis</span> <span class='ocrx_word' id='word_1_2' title='bbox 1583 476 1672 530; x_wconf 78' lang='lat'><strong><em>32.</em></strong></span> <span class='ocrx_word' id='word_1_3' title='bbox 2516 477 2619 531; x_wconf 81' lang='lat'><strong><em>133</em></strong></span> 
     </span>
    </p>
   </div>
   <div class='ocr_carea' id='block_1_2' title="bbox 292 628 2617 2186">
    <p class='ocr_par' dir='ltr' id='par_1_2' title="bbox 330 628 2617 1039">
     <span class='ocr_line' id='line_1_2' title="bbox 330 628 2614 726; baseline -0.001 -20"><span class='ocrx_word' id='word_1_4' title='bbox 330 661 356 706; x_wconf 83' lang='lat'><em>1</em></span> <span class='ocrx_word' id='word_1_5' title='bbox 389 631 521 724; x_wconf 79' lang='grc' dir='ltr'><strong><em>μετ’</em></strong></span> <span class='ocrx_word' id='word_1_6' title='bbox 569 630 785 704; x_wconf 76' lang='grc' dir='ltr'><strong><em>αὐτοῦ.</em></strong></span> <span class='ocrx_word' id='word_1_7' title='bbox 885 634 1064 703; x_wconf 56' lang='lat' dir='ltr'><strong><em>nna&amp;</em></strong></span> <span class='ocrx_word' id='word_1_8' title='bbox 1106 629 1290 702; x_wconf 78' lang='grc' dir='ltr'><strong><em>εἶπεν</em></strong></span> <span class='ocrx_word' id='word_1_9' title='bbox 1331 633 1502 725; x_wconf 77' lang='grc' dir='ltr'><strong><em>αὐτῷ</em></strong></span> <span class='ocrx_word' id='word_1_10' title='bbox 1545 628 1977 704; x_wconf 76' lang='grc' dir='ltr'><strong><em>Ἀπόστειλόν</em></strong></span> <span class='ocrx_word' id='word_1_11' title='bbox 2016 663 2097 721; x_wconf 85' lang='grc' dir='ltr'><strong><em>με</em></strong></span> <span class='ocrx_word' id='word_1_12' title='bbox 2115 659 2130 675; x_wconf 89' lang='grc'><em>·</em></span> <span class='ocrx_word' id='word_1_13' title='bbox 2174 630 2369 726; x_wconf 73' lang='grc' dir='ltr'><strong><em>ἀνέβη</em></strong></span> <span class='ocrx_word' id='word_1_14' title='bbox 2412 636 2531 723; x_wconf 80' lang='grc' dir='ltr'><strong><em>γὰρ</em></strong></span> <span class='ocrx_word' id='word_1_15' title='bbox 2577 635 2614 704; x_wconf 81' lang='grc' dir='ltr'><strong>ὁ</strong></span> 
     </span>
     <span class='ocr_line' id='line_1_3' title="bbox 391 733 2616 830; baseline -0 -21"><span class='ocrx_word' id='word_1_16' title='bbox 391 738 657 830; x_wconf 57' lang='grc' dir='ltr'><strong><em>ὄρθρος·</em></strong></span> <span class='ocrx_word' id='word_1_17' title='bbox 715 738 751 809; x_wconf 83' lang='grc' dir='ltr'><em>ὃ</em></span> <span class='ocrx_word' id='word_1_18' title='bbox 791 739 866 808; x_wconf 78' lang='grc' dir='ltr'><strong><em>δὲ</em></strong></span> <span class='ocrx_word' id='word_1_19' title='bbox 908 734 1093 807; x_wconf 81' lang='grc' dir='ltr'><strong><em>εἶπεν</em></strong></span> <span class='ocrx_word' id='word_1_20' title='bbox 1137 733 1229 807; x_wconf 81' lang='grc' dir='ltr'><strong><em>Οὗ</em></strong></span> <span class='ocrx_word' id='word_1_21' title='bbox 1256 736 1346 830; x_wconf 85' lang='grc' dir='ltr'><strong><em>μή</em></strong></span> <span class='ocrx_word' id='word_1_22' title='bbox 1393 763 1468 808; x_wconf 89' lang='grc' dir='ltr'><strong><em>σε</em></strong></span> <span class='ocrx_word' id='word_1_23' title='bbox 1511 733 1904 823; x_wconf 74' lang='grc' dir='ltr'><strong><em>ἀποστείλω,</em></strong></span> <span class='ocrx_word' id='word_1_24' title='bbox 1954 739 2063 808; x_wconf 78' lang='grc' dir='ltr'><strong><em>ἐὰν</em></strong></span> <span class='ocrx_word' id='word_1_25' title='bbox 2104 740 2193 830; x_wconf 86' lang='grc' dir='ltr'><strong><em>μή</em></strong></span> <span class='ocrx_word' id='word_1_26' title='bbox 2234 766 2315 825; x_wconf 86' lang='grc' dir='ltr'><strong><em>με</em></strong></span> <span class='ocrx_word' id='word_1_27' title='bbox 2358 733 2616 830; x_wconf 71' lang='grc' dir='ltr'><strong><em>εὐλογή-</em></strong></span> 
     </span>
     <span class='ocr_line' id='line_1_4' title="bbox 391 837 2616 936; baseline 0 -25"><span class='ocrx_word' id='word_1_28' title='bbox 391 866 523 936; x_wconf 84' lang='grc' dir='ltr'><strong><em>σῃς.</em></strong></span> <span class='ocrx_word' id='word_1_29' title='bbox 621 849 681 889; x_wconf 64' lang='grc'><strong><em>27</em></strong></span> <span class='ocrx_word' id='word_1_30' title='bbox 707 837 858 912; x_wconf 81' lang='grc' dir='ltr'><strong><em>εἶπε</em></strong></span> <span class='ocrx_word' id='word_1_31' title='bbox 917 844 991 912; x_wconf 78' lang='grc' dir='ltr'><strong><em>δὲ</em></strong></span> <span class='ocrx_word' id='word_1_32' title='bbox 1049 837 1225 933; x_wconf 74' lang='grc' dir='ltr'><strong><em>αὐτῷ</em></strong></span> <span class='ocrx_word' id='word_1_33' title='bbox 1277 841 1366 911; x_wconf 82' lang='grc' dir='ltr'><strong><em>Τί</em></strong></span> <span class='ocrx_word' id='word_1_34' title='bbox 1404 843 1482 913; x_wconf 86' lang='grc' dir='ltr'><strong><em>τὸ</em></strong></span> <span class='ocrx_word' id='word_1_35' title='bbox 1524 841 1727 929; x_wconf 72' lang='grc' dir='ltr'><strong><em>ὄνομά</em></strong></span> <span class='ocrx_word' id='word_1_36' title='bbox 1781 868 1899 920; x_wconf 82' lang='grc' dir='ltr'><strong><em>σου</em></strong></span> <span class='ocrx_word' id='word_1_37' title='bbox 1944 843 2159 928; x_wconf 72' lang='grc' dir='ltr'><strong><em>ἐστίνς</em></strong></span> <span class='ocrx_word' id='word_1_38' title='bbox 2232 843 2268 913; x_wconf 86' lang='grc' dir='ltr'><em>ὃ</em></span> <span class='ocrx_word' id='word_1_39' title='bbox 2314 844 2388 912; x_wconf 79' lang='grc' dir='ltr'><strong><em>δὲ</em></strong></span> <span class='ocrx_word' id='word_1_40' title='bbox 2427 838 2616 911; x_wconf 80' lang='grc' dir='ltr'><strong><em>εἶπεν</em></strong></span> 
     </span>
     <span class='ocr_line' id='line_1_5' title="bbox 383 941 2617 1039; baseline 0 -24"><span class='ocrx_word' id='word_1_41' title='bbox 383 943 643 1035; x_wconf 85' lang='grc' dir='ltr'><strong><em>Ἰακώβ.</em></strong></span> <span class='ocrx_word' id='word_1_42' title='bbox 743 948 922 1016; x_wconf 62' lang='grc' dir='ltr'><strong><em>’38καὶ</em></strong></span> <span class='ocrx_word' id='word_1_43' title='bbox 969 941 1152 1015; x_wconf 82' lang='grc' dir='ltr'><strong><em>εἶπεν</em></strong></span> <span class='ocrx_word' id='word_1_44' title='bbox 1196 941 1370 1038; x_wconf 74' lang='grc' dir='ltr'><strong><em>αὐτῷ</em></strong></span> <span class='ocrx_word' id='word_1_45' title='bbox 1420 943 1513 1016; x_wconf 77' lang='grc' dir='ltr'><strong><em>Οὐ</em></strong></span> <span class='ocrx_word' id='word_1_46' title='bbox 1554 943 1953 1039; x_wconf 84' lang='grc' dir='ltr'><strong><em>κληθήσεται</em></strong></span> <span class='ocrx_word' id='word_1_47' title='bbox 1998 947 2097 1016; x_wconf 73' lang='grc' dir='ltr'><strong><em>ἔτι</em></strong></span> <span class='ocrx_word' id='word_1_48' title='bbox 2138 948 2216 1016; x_wconf 84' lang='grc' dir='ltr'><strong><em>τὸ</em></strong></span> <span class='ocrx_word' id='word_1_49' title='bbox 2260 942 2467 1033; x_wconf 67' lang='grc' dir='ltr'><strong><em>ὄνομά</em></strong></span> <span class='ocrx_word' id='word_1_50' title='bbox 2500 970 2617 1015; x_wconf 87' lang='grc' dir='ltr'><strong><em>σου</em></strong></span> 
     </span>
    </p>

    <p class='ocr_par' dir='ltr' id='par_1_3' title="bbox 324 1046 2617 1556">
     <span class='ocr_line' id='line_1_6' title="bbox 324 1046 2617 1144; baseline -0.001 -24"><span class='ocrx_word' id='word_1_51' title='bbox 324 1073 356 1120; x_wconf 81' lang='lat'>5</span> <span class='ocrx_word' id='word_1_52' title='bbox 383 1049 654 1138; x_wconf 80' lang='grc' dir='ltr'><strong><em>Ἰακώβ,</em></strong></span> <span class='ocrx_word' id='word_1_53' title='bbox 732 1046 866 1120; x_wconf 73' lang='grc' dir='ltr'><strong><em>ἀλλ’</em></strong></span> <span class='ocrx_word' id='word_1_54' title='bbox 918 1050 1178 1144; x_wconf 85' lang='grc' dir='ltr'><strong><em>Ἰσραὴλ</em></strong></span> <span class='ocrx_word' id='word_1_55' title='bbox 1236 1050 1423 1121; x_wconf 69' lang='grc' dir='ltr'><strong><em>ἔσται</em></strong></span> <span class='ocrx_word' id='word_1_56' title='bbox 1497 1052 1575 1121; x_wconf 86' lang='grc' dir='ltr'><strong><em>τὸ</em></strong></span> <span class='ocrx_word' id='word_1_57' title='bbox 1631 1048 1837 1139; x_wconf 72' lang='grc' dir='ltr'><strong><em>ὄνομά</em></strong></span> <span class='ocrx_word' id='word_1_58' title='bbox 1893 1076 2011 1120; x_wconf 89' lang='grc' dir='ltr'><strong><em>σου</em></strong></span> <span class='ocrx_word' id='word_1_59' title='bbox 2029 1077 2043 1092; x_wconf 86' lang='grc'><em>·</em></span> <span class='ocrx_word' id='word_1_60' title='bbox 2112 1050 2216 1120; x_wconf 79' lang='grc' dir='ltr'><strong><em>ὅτι</em></strong></span> <span class='ocrx_word' id='word_1_61' title='bbox 2276 1049 2617 1136; x_wconf 77' lang='grc' dir='ltr'><strong><em>ἐνίσχυσας</em></strong></span> 
     </span>
     <span class='ocr_line' id='line_1_7' title="bbox 386 1149 2617 1248; baseline -0.001 -22"><span class='ocrx_word' id='word_1_62' title='bbox 386 1149 551 1244; x_wconf 79' lang='grc' dir='ltr'><strong><em>μετὰ</em></strong></span> <span class='ocrx_word' id='word_1_63' title='bbox 585 1162 780 1242; x_wconf 89' lang='grc' dir='ltr'><strong><em>θεοῦ,</em></strong></span> <span class='ocrx_word' id='word_1_64' title='bbox 827 1157 940 1226; x_wconf 83' lang='grc' dir='ltr'><strong><em>καὶ</em></strong></span> <span class='ocrx_word' id='word_1_65' title='bbox 982 1158 1147 1244; x_wconf 86' lang='grc' dir='ltr'><strong><em>μετὰ</em></strong></span> <span class='ocrx_word' id='word_1_66' title='bbox 1184 1150 1562 1246; x_wconf 69' lang='grc' dir='ltr'><strong><em>ἀνθρώπων</em></strong></span> <span class='ocrx_word' id='word_1_67' title='bbox 1604 1156 1876 1236; x_wconf 80' lang='grc' dir='ltr'><strong><em>δυνατὸς</em></strong></span> <span class='ocrx_word' id='word_1_68' title='bbox 1921 1154 2055 1248; x_wconf 69' lang='grc' dir='ltr'><strong><em>ἔσῃ.</em></strong></span> <span class='ocrx_word' id='word_1_69' title='bbox 2155 1161 2213 1200; x_wconf 77' lang='lat'><strong><em>²⁰</em></strong></span> <span class='ocrx_word' id='word_1_70' title='bbox 2231 1149 2513 1248; x_wconf 78' lang='grc' dir='ltr'><strong><em>ἠρώτησε</em></strong></span> <span class='ocrx_word' id='word_1_71' title='bbox 2542 1155 2617 1224; x_wconf 79' lang='grc' dir='ltr'><strong><em>δὲ</em></strong></span> 
     </span>
     <span class='ocr_line' id='line_1_8' title="bbox 383 1254 2616 1348; baseline -0.001 -20"><span class='ocrx_word' id='word_1_72' title='bbox 383 1256 614 1346; x_wconf 81' lang='grc' dir='ltr'><strong><em>Ἰακώβ</em></strong></span> <span class='ocrx_word' id='word_1_73' title='bbox 668 1261 776 1329; x_wconf 78' lang='grc' dir='ltr'><strong><em>καὶ</em></strong></span> <span class='ocrx_word' id='word_1_74' title='bbox 828 1255 1016 1329; x_wconf 81' lang='grc' dir='ltr'><strong><em>εἶπεν</em></strong></span> <span class='ocrx_word' id='word_1_75' title='bbox 1050 1254 1457 1348; x_wconf 75' lang='grc' dir='ltr'><strong><em>Ἀνάγγειλόν</em></strong></span> <span class='ocrx_word' id='word_1_76' title='bbox 1517 1287 1633 1346; x_wconf 86' lang='grc' dir='ltr'><strong><em>μοι</em></strong></span> <span class='ocrx_word' id='word_1_77' title='bbox 1686 1260 1762 1328; x_wconf 83' lang='grc' dir='ltr'><strong><em>τὸ</em></strong></span> <span class='ocrx_word' id='word_1_78' title='bbox 1810 1259 2017 1345; x_wconf 73' lang='grc' dir='ltr'><strong><em>’ὄνομά</em></strong></span> <span class='ocrx_word' id='word_1_79' title='bbox 2078 1283 2209 1328; x_wconf 87' lang='grc' dir='ltr'><strong><em>σου.</em></strong></span> <span class='ocrx_word' id='word_1_80' title='bbox 2279 1261 2390 1328; x_wconf 79' lang='grc' dir='ltr'><strong><em>καὶ</em></strong></span> <span class='ocrx_word' id='word_1_81' title='bbox 2427 1255 2616 1328; x_wconf 83' lang='grc' dir='ltr'><strong><em>εἶπεν</em></strong></span> 
     </span>
     <span class='ocr_line' id='line_1_9' title="bbox 371 1357 2617 1456; baseline -0.001 -23"><span class='ocrx_word' id='word_1_82' title='bbox 371 1365 508 1433; x_wconf 82' lang='grc' dir='ltr'><strong><em>Ἵνα</em></strong></span> <span class='ocrx_word' id='word_1_83' title='bbox 552 1364 620 1433; x_wconf 85' lang='grc' dir='ltr'><strong><em>τί</em></strong></span> <span class='ocrx_word' id='word_1_84' title='bbox 661 1364 849 1434; x_wconf 75' lang='grc' dir='ltr'><strong><em>τὀῦτο</em></strong></span> <span class='ocrx_word' id='word_1_85' title='bbox 893 1364 1142 1456; x_wconf 72' lang='grc' dir='ltr'><strong><em>ἐρωτᾷς</em></strong></span> <span class='ocrx_word' id='word_1_86' title='bbox 1189 1365 1266 1432; x_wconf 84' lang='grc' dir='ltr'><strong><em>σὺ</em></strong></span> <span class='ocrx_word' id='word_1_87' title='bbox 1306 1366 1383 1435; x_wconf 84' lang='grc' dir='ltr'><strong><em>τὸ</em></strong></span> <span class='ocrx_word' id='word_1_88' title='bbox 1427 1362 1630 1451; x_wconf 70' lang='grc' dir='ltr'><strong><em>ὄνομά</em></strong></span> <span class='ocrx_word' id='word_1_89' title='bbox 1671 1391 1831 1450; x_wconf 72' lang='grc' dir='ltr'><strong><em>μους</em></strong></span> <span class='ocrx_word' id='word_1_90' title='bbox 1877 1365 1990 1434; x_wconf 78' lang='grc' dir='ltr'><strong><em>καὶ</em></strong></span> <span class='ocrx_word' id='word_1_91' title='bbox 2034 1358 2369 1455; x_wconf 71' lang='grc' dir='ltr'><em>εὐλόγησεν</em></span> <span class='ocrx_word' id='word_1_92' title='bbox 2426 1357 2617 1432; x_wconf 75' lang='grc' dir='ltr'><strong><em>αὐτὸν</em></strong></span> 
     </span>
     <span class='ocr_line' id='line_1_10' title="bbox 391 1462 2615 1556; baseline -0 -18"><span class='ocrx_word' id='word_1_93' title='bbox 391 1471 537 1538; x_wconf 71' lang='grc' dir='ltr'><strong><em>ἐκεῖ.</em></strong></span> <span class='ocrx_word' id='word_1_94' title='bbox 633 1474 694 1514; x_wconf 78' lang='lat'><strong><em>⁸⁰</em></strong></span> <span class='ocrx_word' id='word_1_95' title='bbox 716 1468 829 1537; x_wconf 81' lang='grc' dir='ltr'><strong><em>καὶ</em></strong></span> <span class='ocrx_word' id='word_1_96' title='bbox 895 1466 1198 1538; x_wconf 73' lang='grc' dir='ltr'><strong><em>ἐκάλεσεν</em></strong></span> <span class='ocrx_word' id='word_1_97' title='bbox 1248 1462 1472 1556; x_wconf 79' lang='grc' dir='ltr'><strong><em>Ἰακώβ</em></strong></span> <span class='ocrx_word' id='word_1_98' title='bbox 1525 1470 1605 1539; x_wconf 85' lang='grc' dir='ltr'><strong><em>τὸ</em></strong></span> <span class='ocrx_word' id='word_1_99' title='bbox 1655 1466 1861 1556; x_wconf 67' lang='grc' dir='ltr'><strong><em>ῦνομα</em></strong></span> <span class='ocrx_word' id='word_1_100' title='bbox 1930 1477 2043 1537; x_wconf 88' lang='grc' dir='ltr'><strong><em>τοῦ</em></strong></span> <span class='ocrx_word' id='word_1_101' title='bbox 2101 1469 2314 1538; x_wconf 81' lang='grc' dir='ltr'><strong><em>τόπου</em></strong></span> <span class='ocrx_word' id='word_1_102' title='bbox 2370 1467 2615 1537; x_wconf 75' lang='grc' dir='ltr'><strong><em>ἐκείνου</em></strong></span> 
     </span>
    </p>

    <p class='ocr_par' dir='ltr' id='par_1_4' title="bbox 292 1567 2617 2083">
     <span class='ocr_line' id='line_1_11' title="bbox 292 1567 2617 1663; baseline 0 -24"><span class='ocrx_word' id='word_1_103' title='bbox 292 1594 356 1640; x_wconf 89' lang='lat'><strong><em>10</em></strong></span> <span class='ocrx_word' id='word_1_104' title='bbox 388 1568 585 1656; x_wconf 79' lang='grc' dir='ltr'><strong><em>Εἶδος</em></strong></span> <span class='ocrx_word' id='word_1_105' title='bbox 626 1581 789 1642; x_wconf 91' lang='grc' dir='ltr'><strong><em>θεοῦ</em></strong></span> <span class='ocrx_word' id='word_1_106' title='bbox 806 1598 819 1613; x_wconf 90' lang='grc'><em>·</em></span> <span class='ocrx_word' id='word_1_107' title='bbox 870 1567 1046 1642; x_wconf 78' lang='grc' dir='ltr'><strong><em>εἶδον</em></strong></span> <span class='ocrx_word' id='word_1_108' title='bbox 1090 1574 1210 1662; x_wconf 75' lang='grc' dir='ltr'><strong><em>γὰρ</em></strong></span> <span class='ocrx_word' id='word_1_109' title='bbox 1252 1575 1416 1642; x_wconf 83' lang='grc' dir='ltr'><strong><em>θεὸν</em></strong></span> <span class='ocrx_word' id='word_1_110' title='bbox 1455 1574 1823 1663; x_wconf 63' lang='grc' dir='ltr'><strong><em>πρόσωπον</em></strong></span> <span class='ocrx_word' id='word_1_111' title='bbox 1864 1574 2037 1662; x_wconf 86' lang='grc' dir='ltr'><strong><em>πρὸς</em></strong></span> <span class='ocrx_word' id='word_1_112' title='bbox 2075 1570 2457 1663; x_wconf 82' lang='grc' dir='ltr'><strong><em>πρόσωπον,</em></strong></span> <span class='ocrx_word' id='word_1_113' title='bbox 2500 1574 2617 1640; x_wconf 82' lang='grc' dir='ltr'><strong><em>καὶ</em></strong></span> 
     </span>
     <span class='ocr_line' id='line_1_12' title="bbox 389 1663 2615 1770; baseline -0 -24"><span class='ocrx_word' id='word_1_114' title='bbox 389 1675 616 1770; x_wconf 75' lang='grc' dir='ltr'><strong><em>ἐσώθη</em></strong></span> <span class='ocrx_word' id='word_1_115' title='bbox 643 1705 764 1763; x_wconf 86' lang='grc' dir='ltr'><strong><em>μου</em></strong></span> <span class='ocrx_word' id='word_1_116' title='bbox 789 1677 828 1768; x_wconf 83' lang='grc' dir='ltr'>ἡ</span> <span class='ocrx_word' id='word_1_117' title='bbox 860 1663 1050 1768; x_wconf 72' lang='grc' dir='ltr'><strong><em>ψῦχή.</em></strong></span> <span class='ocrx_word' id='word_1_118' title='bbox 1103 1675 1459 1747; x_wconf 64' lang='grc' dir='ltr'><strong><em>Μᾶνέτειλε</em></strong></span> <span class='ocrx_word' id='word_1_119' title='bbox 1488 1677 1562 1746; x_wconf 76' lang='grc' dir='ltr'><strong><em>δὲ</em></strong></span> <span class='ocrx_word' id='word_1_120' title='bbox 1593 1672 1767 1769; x_wconf 74' lang='grc' dir='ltr'><strong><em>αὐτῷ</em></strong></span> <span class='ocrx_word' id='word_1_121' title='bbox 1799 1677 1836 1748; x_wconf 83' lang='grc' dir='ltr'><em>ὃ</em></span> <span class='ocrx_word' id='word_1_122' title='bbox 1864 1678 2061 1768; x_wconf 78' lang='grc' dir='ltr'><strong><em>ἥλιος,</em></strong></span> <span class='ocrx_word' id='word_1_123' title='bbox 2095 1676 2277 1768; x_wconf 82' lang='grc' dir='ltr'><strong><em>ἡνίκα</em></strong></span> <span class='ocrx_word' id='word_1_124' title='bbox 2306 1679 2615 1766; x_wconf 81' lang='grc' dir='ltr'><strong><em>παρῆλθε</em></strong></span> 
     </span>
     <span class='ocr_line' id='line_1_13' title="bbox 387 1775 2615 1875; baseline -0 -24"><span class='ocrx_word' id='word_1_125' title='bbox 387 1782 464 1853; x_wconf 85' lang='grc' dir='ltr'><strong><em>τὸ</em></strong></span> <span class='ocrx_word' id='word_1_126' title='bbox 506 1777 681 1862; x_wconf 81' lang='grc' dir='ltr'><strong><em>εἶδος</em></strong></span> <span class='ocrx_word' id='word_1_127' title='bbox 720 1791 833 1850; x_wconf 91' lang='grc' dir='ltr'><strong><em>τοῦ</em></strong></span> <span class='ocrx_word' id='word_1_128' title='bbox 882 1788 1078 1850; x_wconf 89' lang='grc' dir='ltr'><strong><em>θεοῦ·</em></strong></span> <span class='ocrx_word' id='word_1_129' title='bbox 1125 1775 1320 1863; x_wconf 76' lang='grc' dir='ltr'><strong><em>αὐτὸς</em></strong></span> <span class='ocrx_word' id='word_1_130' title='bbox 1360 1783 1433 1851; x_wconf 79' lang='grc' dir='ltr'><strong><em>δὲ</em></strong></span> <span class='ocrx_word' id='word_1_131' title='bbox 1465 1781 1794 1866; x_wconf 76' lang='grc' dir='ltr'><strong><em>ἐπέσκαζε-</em></strong></span> <span class='ocrx_word' id='word_1_132' title='bbox 1812 1791 1906 1874; x_wconf 82' lang='grc' dir='ltr'><strong><em>τῷ</em></strong></span> <span class='ocrx_word' id='word_1_133' title='bbox 1934 1789 2118 1875; x_wconf 77' lang='grc' dir='ltr'><strong><em>μηρῷ</em></strong></span> <span class='ocrx_word' id='word_1_134' title='bbox 2150 1776 2362 1850; x_wconf 73' lang='grc' dir='ltr'><strong><em>αὐτοῦ.</em></strong></span> <span class='ocrx_word' id='word_1_135' title='bbox 2412 1780 2615 1850; x_wconf 60' lang='lat' dir='ltr'><strong><em>”gve-</em></strong></span> 
     </span>
     <span class='ocr_line' id='line_1_14' title="bbox 388 1881 2614 1979; baseline 0 -24"><span class='ocrx_word' id='word_1_136' title='bbox 388 1915 494 1956; x_wconf 82' lang='grc' dir='ltr'><strong><em>κεν</em></strong></span> <span class='ocrx_word' id='word_1_137' title='bbox 531 1887 759 1956; x_wconf 84' lang='grc' dir='ltr'><strong><em>τούτου</em></strong></span> <span class='ocrx_word' id='word_1_138' title='bbox 800 1885 873 1955; x_wconf 79' lang='grc' dir='ltr'><strong><em>οὗ</em></strong></span> <span class='ocrx_word' id='word_1_139' title='bbox 931 1889 1020 1976; x_wconf 85' lang='grc' dir='ltr'><strong><em>μὴ</em></strong></span> <span class='ocrx_word' id='word_1_140' title='bbox 1066 1883 1363 1977; x_wconf 75' lang='grc' dir='ltr'><em>φάγωσιν</em></span> <span class='ocrx_word' id='word_1_141' title='bbox 1404 1885 1537 1955; x_wconf 73' lang='grc' dir='ltr'><strong><em>υἱοὶ</em></strong></span> <span class='ocrx_word' id='word_1_142' title='bbox 1575 1882 1821 1979; x_wconf 84' lang='grc' dir='ltr'><strong><em>Ἰσραὴλ</em></strong></span> <span class='ocrx_word' id='word_1_143' title='bbox 1879 1886 1955 1957; x_wconf 86' lang='grc' dir='ltr'><strong><em>τὸ</em></strong></span> <span class='ocrx_word' id='word_1_144' title='bbox 2000 1891 2234 1977; x_wconf 77' lang='grc' dir='ltr'><strong><em>νεῦρον,</em></strong></span> <span class='ocrx_word' id='word_1_145' title='bbox 2276 1881 2313 1956; x_wconf 80' lang='grc' dir='ltr'>ὃ</span> <span class='ocrx_word' id='word_1_146' title='bbox 2350 1885 2614 1976; x_wconf 75' lang='grc' dir='ltr'><strong><em>ἒνάρκη-</em></strong></span> 
     </span>
     <span class='ocr_line' id='line_1_15' title="bbox 387 1987 2616 2083; baseline -0.001 -23"><span class='ocrx_word' id='word_1_147' title='bbox 387 2016 499 2060; x_wconf 84' lang='grc' dir='ltr'><strong><em>σεν</em></strong></span> <span class='ocrx_word' id='word_1_148' title='bbox 514 2047 530 2075; x_wconf 89' lang='grc'><em>,</em></span> <span class='ocrx_word' id='word_1_149' title='bbox 594 1991 632 2060; x_wconf 80' lang='grc' dir='ltr'><em>ὃ</em></span> <span class='ocrx_word' id='word_1_150' title='bbox 689 1991 866 2059; x_wconf 75' lang='grc' dir='ltr'><strong><em>ἐστιν</em></strong></span> <span class='ocrx_word' id='word_1_151' title='bbox 922 1991 1040 2058; x_wconf 78' lang='grc' dir='ltr'><strong><em>ἐπὶ</em></strong></span> <span class='ocrx_word' id='word_1_152' title='bbox 1100 1997 1216 2058; x_wconf 90' lang='grc' dir='ltr'><strong><em>τοῦ</em></strong></span> <span class='ocrx_word' id='word_1_153' title='bbox 1261 1987 1554 2072; x_wconf 80' lang='grc' dir='ltr'><strong><em>πλάτους</em></strong></span> <span class='ocrx_word' id='word_1_154' title='bbox 1607 2000 1722 2060; x_wconf 90' lang='grc' dir='ltr'><strong><em>τοῦ</em></strong></span> <span class='ocrx_word' id='word_1_155' title='bbox 1763 1998 1968 2083; x_wconf 83' lang='grc' dir='ltr'><strong><em>μηροῦ</em></strong></span> <span class='ocrx_word' id='word_1_156' title='bbox 1982 2047 1996 2076; x_wconf 92' lang='grc'><strong><em>,</em></strong></span> <span class='ocrx_word' id='word_1_157' title='bbox 2052 1991 2175 2072; x_wconf 76' lang='grc' dir='ltr'><strong><em>ἕως</em></strong></span> <span class='ocrx_word' id='word_1_158' title='bbox 2217 1998 2334 2082; x_wconf 82' lang='grc' dir='ltr'><strong><em>τῆς</em></strong></span> <span class='ocrx_word' id='word_1_159' title='bbox 2374 1988 2616 2081; x_wconf 79' lang='grc' dir='ltr'><strong><em>ἡμέρας</em></strong></span> 
     </span>
    </p>

    <p class='ocr_par' dir='ltr' id='par_1_5' title="bbox 292 2089 2611 2186">
     <span class='ocr_line' id='line_1_16' title="bbox 292 2089 2611 2186; baseline 0.002 -28"><span class='ocrx_word' id='word_1_160' title='bbox 292 2112 354 2159; x_wconf 82' lang='lat'><strong><em>15</em></strong></span> <span class='ocrx_word' id='word_1_161' title='bbox 385 2092 643 2184; x_wconf 85' lang='grc' dir='ltr'><strong><em>ταύτης·</em></strong></span> <span class='ocrx_word' id='word_1_162' title='bbox 705 2093 806 2163; x_wconf 82' lang='grc' dir='ltr'><strong><em>ὅτι</em></strong></span> <span class='ocrx_word' id='word_1_163' title='bbox 849 2094 1069 2184; x_wconf 76' lang='grc' dir='ltr'><strong><em>ἥψατο</em></strong></span> <span class='ocrx_word' id='word_1_164' title='bbox 1112 2099 1228 2164; x_wconf 92' lang='grc' dir='ltr'><strong><em>τοῦ</em></strong></span> <span class='ocrx_word' id='word_1_165' title='bbox 1247 2095 1538 2176; x_wconf 79' lang='grc' dir='ltr'><strong><em>πλάτους</em></strong></span> <span class='ocrx_word' id='word_1_166' title='bbox 1566 2101 1682 2164; x_wconf 92' lang='grc' dir='ltr'><strong><em>τοῦ</em></strong></span> <span class='ocrx_word' id='word_1_167' title='bbox 1717 2101 1925 2186; x_wconf 85' lang='grc' dir='ltr'><strong><em>μηροῦ</em></strong></span> <span class='ocrx_word' id='word_1_168' title='bbox 1956 2089 2199 2182; x_wconf 82' lang='grc' dir='ltr'><strong><em>Ἰακώβ,</em></strong></span> <span class='ocrx_word' id='word_1_169' title='bbox 2231 2099 2350 2163; x_wconf 90' lang='grc' dir='ltr'><strong><em>τοῦ</em></strong></span> <span class='ocrx_word' id='word_1_170' title='bbox 2376 2094 2611 2183; x_wconf 85' lang='grc' dir='ltr'><strong><em>νεύρου,</em></strong></span> 
     </span>
    </p>
   </div>
   <div class='ocr_carea' id='block_1_3' title="bbox 382 2332 2615 4564">
    <p class='ocr_par' dir='ltr' id='par_1_6' title="bbox 382 2332 2615 4564">
     <span class='ocr_line' id='line_1_17' title="bbox 530 2332 2614 2412; baseline -0.002 -24"><span class='ocrx_word' id='word_1_171' title='bbox 530 2334 557 2388; x_wconf 95' lang='grc'>1</span> <span class='ocrx_word' id='word_1_172' title='bbox 599 2353 629 2387; x_wconf 92' lang='grc' dir='ltr'><strong><em>ο</em></strong></span> <span class='ocrx_word' id='word_1_173' title='bbox 664 2343 734 2392; x_wconf 90' lang='grc'>&gt;</span> <span class='ocrx_word' id='word_1_174' title='bbox 771 2332 820 2387; x_wconf 81' lang='lat' dir='ltr'>G</span> <span class='ocrx_word' id='word_1_175' title='bbox 871 2334 880 2402; x_wconf 99' lang='grc' dir='ltr'>Ι</span> <span class='ocrx_word' id='word_1_176' title='bbox 933 2334 968 2386; x_wconf 82' lang='grc'><strong>2</strong></span> <span class='ocrx_word' id='word_1_177' title='bbox 1014 2354 1044 2388; x_wconf 92' lang='grc' dir='ltr'><strong><em>ο</em></strong></span> <span class='ocrx_word' id='word_1_178' title='bbox 1086 2334 1172 2404; x_wconf 77' lang='grc' dir='ltr'><strong><em>δε]</em></strong></span> <span class='ocrx_word' id='word_1_179' title='bbox 1215 2353 1308 2386; x_wconf 84' lang='grc' dir='ltr'><strong><em>και</em></strong></span> <span class='ocrx_word' id='word_1_180' title='bbox 1346 2333 1392 2387; x_wconf 89' lang='grc' dir='ltr'><strong>Ε</strong></span> <span class='ocrx_word' id='word_1_181' title='bbox 1447 2334 1454 2403; x_wconf 96' lang='grc' dir='ltr'>Ι</span> <span class='ocrx_word' id='word_1_182' title='bbox 1507 2333 1595 2403; x_wconf 67' lang='grc'><strong><em>213</em></strong></span> <span class='ocrx_word' id='word_1_183' title='bbox 1634 2335 1942 2404; x_wconf 81' lang='grc' dir='ltr'><strong><em>ευλογησης</em></strong></span> <span class='ocrx_word' id='word_1_184' title='bbox 1988 2351 2062 2406; x_wconf 85' lang='grc' dir='ltr'><strong><em>με</em></strong></span> <span class='ocrx_word' id='word_1_185' title='bbox 2096 2333 2145 2386; x_wconf 87' lang='lat' dir='ltr'>A</span> <span class='ocrx_word' id='word_1_186' title='bbox 2197 2332 2347 2412; x_wconf 49' lang='lat'><strong><em>[213</em></strong></span> <span class='ocrx_word' id='word_1_187' title='bbox 2384 2335 2614 2402; x_wconf 78' lang='grc' dir='ltr'><strong><em>ευλογη-</em></strong></span> 
     </span>
     <span class='ocr_line' id='line_1_18' title="bbox 387 2417 2611 2491; baseline -0.001 -16"><span class='ocrx_word' id='word_1_188' title='bbox 387 2437 504 2481; x_wconf 83' lang='grc' dir='ltr'><strong><em>σεις</em></strong></span> <span class='ocrx_word' id='word_1_189' title='bbox 537 2438 564 2473; x_wconf 80' lang='lat' dir='ltr'><strong>z</strong></span> <span class='ocrx_word' id='word_1_190' title='bbox 597 2420 606 2488; x_wconf 97' lang='grc' dir='ltr'>Ι</span> <span class='ocrx_word' id='word_1_191' title='bbox 637 2423 671 2477; x_wconf 88' lang='grc'><strong>3</strong></span> <span class='ocrx_word' id='word_1_192' title='bbox 707 2420 813 2475; x_wconf 76' lang='lat' dir='ltr'><strong>init</strong></span> <span class='ocrx_word' id='word_1_193' title='bbox 843 2437 1002 2475; x_wconf 77' lang='grc' dir='ltr'><strong><em>ειπεν</em></strong></span> <span class='ocrx_word' id='word_1_194' title='bbox 1036 2418 1207 2475; x_wconf 76' lang='lat' dir='ltr'><strong>AEGt</strong></span> <span class='ocrx_word' id='word_1_195' title='bbox 1227 2425 1243 2456; x_wconf 85' lang='lat'><strong>¹</strong></span> <span class='ocrx_word' id='word_1_196' title='bbox 1275 2422 1284 2487; x_wconf 90' lang='grc' dir='ltr'>Ι</span> <span class='ocrx_word' id='word_1_197' title='bbox 1314 2421 1348 2477; x_wconf 88' lang='grc'><strong>3</strong></span> <span class='ocrx_word' id='word_1_198' title='bbox 1384 2439 1530 2491; x_wconf 82' lang='grc' dir='ltr'><strong><em>αυτῳ</em></strong></span> <span class='ocrx_word' id='word_1_199' title='bbox 1565 2431 1633 2481; x_wconf 95' lang='grc'>&gt;</span> <span class='ocrx_word' id='word_1_200' title='bbox 1668 2422 1750 2475; x_wconf 75' lang='lat' dir='ltr'><strong><em>mt</em></strong></span> <span class='ocrx_word' id='word_1_201' title='bbox 1780 2419 1787 2489; x_wconf 94' lang='grc' dir='ltr'>Ι</span> <span class='ocrx_word' id='word_1_202' title='bbox 1819 2423 1853 2477; x_wconf 89' lang='lat'><strong>3</strong></span> <span class='ocrx_word' id='word_1_203' title='bbox 1891 2439 1953 2473; x_wconf 84' lang='grc' dir='ltr'><strong><em>το</em></strong></span> <span class='ocrx_word' id='word_1_204' title='bbox 1977 2431 2044 2481; x_wconf 95' lang='grc'>&gt;</span> <span class='ocrx_word' id='word_1_205' title='bbox 2071 2418 2150 2475; x_wconf 77' lang='lat' dir='ltr'><strong><em>Ge</em></strong></span> <span class='ocrx_word' id='word_1_206' title='bbox 2180 2420 2189 2490; x_wconf 99' lang='grc' dir='ltr'>Ι</span> <span class='ocrx_word' id='word_1_207' title='bbox 2219 2421 2254 2475; x_wconf 88' lang='lat'><strong>3</strong></span> <span class='ocrx_word' id='word_1_208' title='bbox 2302 2435 2403 2474; x_wconf 85' lang='grc' dir='ltr'><strong><em>σου</em></strong></span> <span class='ocrx_word' id='word_1_209' title='bbox 2440 2417 2611 2488; x_wconf 75' lang='grc' dir='ltr'><strong><em>εστιν]</em></strong></span> 
     </span>
     <span class='ocr_line' id='line_1_19' title="bbox 387 2503 2613 2577; baseline -0 -17"><span class='ocrx_word' id='word_1_210' title='bbox 387 2523 477 2561; x_wconf 85' lang='grc' dir='ltr'><strong><em>σοι</em></strong></span> <span class='ocrx_word' id='word_1_211' title='bbox 520 2506 598 2561; x_wconf 83' lang='lat' dir='ltr'><strong><em>Go</em></strong></span> <span class='ocrx_word' id='word_1_212' title='bbox 665 2508 672 2576; x_wconf 97' lang='grc' dir='ltr'>Ι</span> <span class='ocrx_word' id='word_1_213' title='bbox 739 2508 774 2562; x_wconf 87' lang='lat'><strong>3</strong></span> <span class='ocrx_word' id='word_1_214' title='bbox 818 2527 848 2561; x_wconf 92' lang='grc' dir='ltr'><strong><em>ο</em></strong></span> <span class='ocrx_word' id='word_1_215' title='bbox 887 2509 952 2561; x_wconf 79' lang='grc' dir='ltr'><strong><em>δε</em></strong></span> <span class='ocrx_word' id='word_1_216' title='bbox 989 2508 1168 2577; x_wconf 79' lang='grc' dir='ltr'><strong><em>ειπεν]</em></strong></span> <span class='ocrx_word' id='word_1_217' title='bbox 1207 2525 1330 2561; x_wconf 85' lang='grc' dir='ltr'><strong><em>ειπε</em></strong></span> <span class='ocrx_word' id='word_1_218' title='bbox 1368 2508 1433 2562; x_wconf 77' lang='grc' dir='ltr'><strong><em>δε</em></strong></span> <span class='ocrx_word' id='word_1_219' title='bbox 1468 2524 1497 2562; x_wconf 82' lang='lat' dir='ltr'><strong>c</strong></span> <span class='ocrx_word' id='word_1_220' title='bbox 1561 2510 1569 2573; x_wconf 91' lang='grc' dir='ltr'>Ι</span> <span class='ocrx_word' id='word_1_221' title='bbox 1634 2508 1671 2561; x_wconf 84' lang='grc'><strong>4</strong></span> <span class='ocrx_word' id='word_1_222' title='bbox 1707 2527 1801 2560; x_wconf 86' lang='grc' dir='ltr'><strong><em>και</em></strong></span> <span class='ocrx_word' id='word_1_223' title='bbox 1837 2507 2016 2577; x_wconf 81' lang='grc' dir='ltr'><strong><em>ειπεν]</em></strong></span> <span class='ocrx_word' id='word_1_224' title='bbox 2056 2524 2214 2561; x_wconf 73' lang='grc' dir='ltr'><strong><em>ειπεν</em></strong></span> <span class='ocrx_word' id='word_1_225' title='bbox 2251 2508 2314 2559; x_wconf 78' lang='grc' dir='ltr'><strong><em>δε</em></strong></span> <span class='ocrx_word' id='word_1_226' title='bbox 2346 2503 2429 2571; x_wconf 78' lang='lat' dir='ltr'><strong><em>G,</em></strong></span> <span class='ocrx_word' id='word_1_227' title='bbox 2488 2523 2613 2559; x_wconf 83' lang='grc' dir='ltr'><strong><em>ειπε</em></strong></span> 
     </span>
     <span class='ocr_line' id='line_1_20' title="bbox 389 2592 2614 2664; baseline -0.002 -16"><span class='ocrx_word' id='word_1_228' title='bbox 389 2595 452 2648; x_wconf 78' lang='grc' dir='ltr'><strong><em>δε</em></strong></span> <span class='ocrx_word' id='word_1_229' title='bbox 487 2610 600 2648; x_wconf 78' lang='lat' dir='ltr'><strong><em>omz</em></strong></span> <span class='ocrx_word' id='word_1_230' title='bbox 667 2595 675 2662; x_wconf 92' lang='grc' dir='ltr'>Ι</span> <span class='ocrx_word' id='word_1_231' title='bbox 741 2594 778 2647; x_wconf 84' lang='grc'><strong>4</strong></span> <span class='ocrx_word' id='word_1_232' title='bbox 814 2614 962 2663; x_wconf 81' lang='grc' dir='ltr'><strong><em>αυτῳ</em></strong></span> <span class='ocrx_word' id='word_1_233' title='bbox 997 2604 1064 2653; x_wconf 96' lang='grc'>&gt;</span> <span class='ocrx_word' id='word_1_234' title='bbox 1102 2610 1226 2663; x_wconf 80' lang='lat' dir='ltr'><strong><em>amy</em></strong></span> <span class='ocrx_word' id='word_1_235' title='bbox 1273 2592 1284 2664; x_wconf 90' lang='grc' dir='ltr'>Ι</span> <span class='ocrx_word' id='word_1_236' title='bbox 1330 2594 1417 2660; x_wconf 77' lang='lat' dir='ltr'><strong><em>4s5</em></strong></span> <span class='ocrx_word' id='word_1_237' title='bbox 1467 2613 1566 2647; x_wconf 84' lang='grc' dir='ltr'><strong><em>ουκ</em></strong></span> <span class='ocrx_word' id='word_1_238' title='bbox 1607 2612 1687 2647; x_wconf 70' lang='lat' dir='ltr'><strong><em>en</em></strong></span> <span class='ocrx_word' id='word_1_239' title='bbox 1734 2600 1908 2662; x_wconf 81' lang='grc' dir='ltr'><strong><em>ιακωβ</em></strong></span> <span class='ocrx_word' id='word_1_240' title='bbox 1956 2596 2294 2660; x_wconf 80' lang='grc' dir='ltr'><strong><em>κληθησεται</em></strong></span> <span class='ocrx_word' id='word_1_241' title='bbox 2326 2611 2394 2646; x_wconf 85' lang='grc' dir='ltr'><strong><em>το</em></strong></span> <span class='ocrx_word' id='word_1_242' title='bbox 2432 2610 2614 2661; x_wconf 78' lang='grc' dir='ltr'><strong><em>ονομα</em></strong></span> 
     </span>
     <span class='ocr_line' id='line_1_21' title="bbox 390 2677 2613 2751; baseline -0.001 -18"><span class='ocrx_word' id='word_1_243' title='bbox 390 2678 579 2734; x_wconf 74' lang='grc' dir='ltr'><strong><em>σουΘῐ</em></strong></span> <span class='ocrx_word' id='word_1_244' title='bbox 621 2682 630 2745; x_wconf 91' lang='grc' dir='ltr'>Ι</span> <span class='ocrx_word' id='word_1_245' title='bbox 678 2679 1016 2739; x_wconf 83' lang='grc' dir='ltr'><strong><em>4ετι&gt;Ε</em></strong></span> <span class='ocrx_word' id='word_1_246' title='bbox 1062 2682 1071 2749; x_wconf 97' lang='grc' dir='ltr'>Ι</span> <span class='ocrx_word' id='word_1_247' title='bbox 1113 2681 1260 2735; x_wconf 84' lang='grc' dir='ltr'><strong><em>4τῶ</em></strong></span> <span class='ocrx_word' id='word_1_248' title='bbox 1298 2678 1939 2751; x_wconf 73' lang='grc' dir='ltr'><strong><em>ονομαΖΙὸαλλαΑ</em></strong></span> <span class='ocrx_word' id='word_1_249' title='bbox 1985 2677 2613 2748; x_wconf 67' lang='grc' dir='ltr'><strong><em>ΙὸΡοεῒαλλ-Ι-ηΙ)</em></strong></span> 
     </span>
     <span class='ocr_line' id='line_1_22' title="bbox 389 2765 2615 2838; baseline -0.002 -17"><span class='ocrx_word' id='word_1_250' title='bbox 389 2767 504 2838; x_wconf 74' lang='lat' dir='ltr'>[GR]</span> <span class='ocrx_word' id='word_1_251' title='bbox 532 2769 674 2821; x_wconf 77' lang='lat' dir='ltr'><strong>amtz</strong></span> <span class='ocrx_word' id='word_1_252' title='bbox 728 2767 738 2835; x_wconf 92' lang='grc' dir='ltr'>Ι</span> <span class='ocrx_word' id='word_1_253' title='bbox 794 2766 826 2820; x_wconf 89' lang='grc'><strong>5</strong></span> <span class='ocrx_word' id='word_1_254' title='bbox 867 2782 1020 2820; x_wconf 82' lang='grc' dir='ltr'><strong><em>εσται</em></strong></span> <span class='ocrx_word' id='word_1_255' title='bbox 1054 2781 1155 2820; x_wconf 89' lang='grc' dir='ltr'><strong><em>σου</em></strong></span> <span class='ocrx_word' id='word_1_256' title='bbox 1191 2786 1254 2819; x_wconf 83' lang='grc' dir='ltr'><strong><em>το</em></strong></span> <span class='ocrx_word' id='word_1_257' title='bbox 1293 2784 1473 2837; x_wconf 80' lang='grc' dir='ltr'><strong><em>ονομα</em></strong></span> <span class='ocrx_word' id='word_1_258' title='bbox 1512 2766 1664 2821; x_wconf 77' lang='lat' dir='ltr'><strong>obelo</strong></span> <span class='ocrx_word' id='word_1_259' title='bbox 1702 2767 1890 2821; x_wconf 70' lang='lat' dir='ltr'><strong>notata</strong></span> <span class='ocrx_word' id='word_1_260' title='bbox 1927 2765 1981 2820; x_wconf 79' lang='lat' dir='ltr'><strong><em>&#39;G</em></strong></span> <span class='ocrx_word' id='word_1_261' title='bbox 2023 2768 2031 2835; x_wconf 94' lang='grc' dir='ltr'>Ι</span> <span class='ocrx_word' id='word_1_262' title='bbox 2094 2766 2127 2820; x_wconf 82' lang='grc'><strong>5</strong></span> <span class='ocrx_word' id='word_1_263' title='bbox 2163 2780 2317 2819; x_wconf 69' lang='lat' dir='ltr'><em>emoto</em></span> <span class='ocrx_word' id='word_1_264' title='bbox 2354 2766 2482 2834; x_wconf 73' lang='lat' dir='ltr'><strong>post</strong></span> <span class='ocrx_word' id='word_1_265' title='bbox 2513 2778 2615 2818; x_wconf 85' lang='grc' dir='ltr'><strong><em>σου</em></strong></span> 
     </span>
     <span class='ocr_line' id='line_1_23' title="bbox 386 2849 2615 2923; baseline -0.001 -16"><span class='ocrx_word' id='word_1_266' title='bbox 386 2853 542 2923; x_wconf 75' lang='lat' dir='ltr'><strong>ponit</strong></span> <span class='ocrx_word' id='word_1_267' title='bbox 562 2852 611 2906; x_wconf 89' lang='lat' dir='ltr'>A</span> <span class='ocrx_word' id='word_1_268' title='bbox 641 2853 650 2922; x_wconf 94' lang='grc' dir='ltr'>Ι</span> <span class='ocrx_word' id='word_1_269' title='bbox 681 2854 716 2909; x_wconf 86' lang='grc'>5</span> <span class='ocrx_word' id='word_1_270' title='bbox 742 2867 843 2905; x_wconf 86' lang='grc' dir='ltr'><strong><em>σου</em></strong></span> <span class='ocrx_word' id='word_1_271' title='bbox 881 2872 944 2905; x_wconf 81' lang='grc' dir='ltr'><strong><em>το</em></strong></span> <span class='ocrx_word' id='word_1_272' title='bbox 982 2871 1163 2923; x_wconf 82' lang='grc' dir='ltr'><strong><em>ονομα</em></strong></span> <span class='ocrx_word' id='word_1_273' title='bbox 1189 2850 1313 2905; x_wconf 81' lang='lat' dir='ltr'><strong><em>EG.</em></strong></span> <span class='ocrx_word' id='word_1_274' title='bbox 1351 2852 1410 2906; x_wconf 90' lang='lat' dir='ltr'><strong><em>in</em></strong></span> <span class='ocrx_word' id='word_1_275' title='bbox 1434 2853 1681 2923; x_wconf 81' lang='lat' dir='ltr'><strong>margine</strong></span> <span class='ocrx_word' id='word_1_276' title='bbox 1706 2870 1790 2919; x_wconf 89' lang='lat' dir='ltr'><strong><em>m,</em></strong></span> <span class='ocrx_word' id='word_1_277' title='bbox 1829 2853 1922 2922; x_wconf 85' lang='lat' dir='ltr'><strong><em>qui</em></strong></span> <span class='ocrx_word' id='word_1_278' title='bbox 1944 2852 2123 2906; x_wconf 71' lang='lat' dir='ltr'><strong>media</strong></span> <span class='ocrx_word' id='word_1_279' title='bbox 2148 2850 2351 2921; x_wconf 76' lang='lat' dir='ltr'><strong>pagina</strong></span> <span class='ocrx_word' id='word_1_280' title='bbox 2372 2852 2437 2904; x_wconf 70' lang='lat' dir='ltr'><strong><em>ut</em></strong></span> <span class='ocrx_word' id='word_1_281' title='bbox 2456 2850 2491 2904; x_wconf 89' lang='lat' dir='ltr'><strong>b</strong></span> <span class='ocrx_word' id='word_1_282' title='bbox 2515 2849 2615 2905; x_wconf 75' lang='lat' dir='ltr'><strong><em>ha-</em></strong></span> 
     </span>
     <span class='ocr_line' id='line_1_24' title="bbox 386 2939 2611 3014; baseline 0.002 -20"><span class='ocrx_word' id='word_1_283' title='bbox 386 2939 507 3003; x_wconf 83' lang='lat' dir='ltr'><strong>bet,</strong></span> <span class='ocrx_word' id='word_1_284' title='bbox 546 2960 616 3014; x_wconf 81' lang='grc' dir='ltr'><strong><em>γρ</em></strong></span> <span class='ocrx_word' id='word_1_285' title='bbox 653 2953 806 2992; x_wconf 72' lang='lat' dir='ltr'><strong><em>emat</em></strong></span> <span class='ocrx_word' id='word_1_286' title='bbox 835 2954 936 2992; x_wconf 90' lang='grc' dir='ltr'><strong><em>σου</em></strong></span> <span class='ocrx_word' id='word_1_287' title='bbox 969 2958 1032 2991; x_wconf 83' lang='grc' dir='ltr'><strong><em>το</em></strong></span> <span class='ocrx_word' id='word_1_288' title='bbox 1058 2958 1238 3009; x_wconf 80' lang='grc' dir='ltr'><strong><em>ονομα</em></strong></span> <span class='ocrx_word' id='word_1_289' title='bbox 1263 2939 1439 3008; x_wconf 81' lang='lat' dir='ltr'><strong>prima</strong></span> <span class='ocrx_word' id='word_1_290' title='bbox 1464 2956 1630 2994; x_wconf 83' lang='lat' dir='ltr'><strong>manu</strong></span> <span class='ocrx_word' id='word_1_291' title='bbox 1660 2942 1668 3010; x_wconf 96' lang='grc' dir='ltr'>Ι</span> <span class='ocrx_word' id='word_1_292' title='bbox 1700 2941 1788 3012; x_wconf 73' lang='grc'><strong><em>516</em></strong></span> <span class='ocrx_word' id='word_1_293' title='bbox 1824 2940 2070 3010; x_wconf 77' lang='lat' dir='ltr'><strong>„Aquila</strong></span> <span class='ocrx_word' id='word_1_294' title='bbox 2093 2942 2254 3013; x_wconf 72' lang='grc' dir='ltr'><strong><em>ηρξας</em></strong></span> <span class='ocrx_word' id='word_1_295' title='bbox 2276 2956 2419 3009; x_wconf 71' lang='grc' dir='ltr'><strong><em>μετα</em></strong></span> <span class='ocrx_word' id='word_1_296' title='bbox 2443 2943 2611 2990; x_wconf 65' lang='grc' dir='ltr'><strong><em>θεοῦ·</em></strong></span> 
     </span>
     <span class='ocr_line' id='line_1_25' title="bbox 389 3024 2611 3100; baseline -0.001 -21"><span class='ocrx_word' id='word_1_297' title='bbox 389 3024 740 3095; x_wconf 76' lang='lat' dir='ltr'><strong>Symmachus</strong></span> <span class='ocrx_word' id='word_1_298' title='bbox 776 3027 916 3099; x_wconf 78' lang='grc' dir='ltr'><strong><em>ηρξω</em></strong></span> <span class='ocrx_word' id='word_1_299' title='bbox 953 3040 1106 3094; x_wconf 85' lang='grc' dir='ltr'><strong><em>ισχυι</em></strong></span> <span class='ocrx_word' id='word_1_300' title='bbox 1143 3042 1281 3100; x_wconf 86' lang='grc' dir='ltr'><strong><em>προς</em></strong></span> <span class='ocrx_word' id='word_1_301' title='bbox 1314 3032 1498 3080; x_wconf 82' lang='grc' dir='ltr'><strong><em>θεον“</em></strong></span> <span class='ocrx_word' id='word_1_302' title='bbox 1534 3026 1569 3081; x_wconf 93' lang='lat' dir='ltr'><strong>b</strong></span> <span class='ocrx_word' id='word_1_303' title='bbox 1604 3028 1611 3096; x_wconf 99' lang='grc' dir='ltr'>Ι</span> <span class='ocrx_word' id='word_1_304' title='bbox 1654 3030 1688 3084; x_wconf 88' lang='grc'>6</span> <span class='ocrx_word' id='word_1_305' title='bbox 1724 3030 1849 3081; x_wconf 73' lang='lat' dir='ltr'>ante</span> <span class='ocrx_word' id='word_1_306' title='bbox 1884 3034 2025 3081; x_wconf 83' lang='grc' dir='ltr'><strong><em>θεου</em></strong></span> <span class='ocrx_word' id='word_1_307' title='bbox 2060 3028 2126 3094; x_wconf 94' lang='grc' dir='ltr'><strong><em>-Ι-</em></strong></span> <span class='ocrx_word' id='word_1_308' title='bbox 2163 3045 2259 3078; x_wconf 81' lang='grc' dir='ltr'><strong><em>του</em></strong></span> <span class='ocrx_word' id='word_1_309' title='bbox 2294 3024 2371 3079; x_wconf 80' lang='lat' dir='ltr'><strong><em>Eo</em></strong></span> <span class='ocrx_word' id='word_1_310' title='bbox 2402 3024 2409 3093; x_wconf 96' lang='grc' dir='ltr'>Ι</span> <span class='ocrx_word' id='word_1_311' title='bbox 2441 3025 2475 3079; x_wconf 90' lang='grc'><strong>6</strong></span> <span class='ocrx_word' id='word_1_312' title='bbox 2512 3037 2611 3096; x_wconf 78' lang='grc' dir='ltr'><strong><em>εσῃ</em></strong></span> 
     </span>
     <span class='ocr_line' id='line_1_26' title="bbox 390 3108 2611 3188; baseline 0 -23"><span class='ocrx_word' id='word_1_313' title='bbox 390 3120 457 3170; x_wconf 96' lang='grc'>&gt;</span> <span class='ocrx_word' id='word_1_314' title='bbox 487 3110 740 3180; x_wconf 59' lang='grc' dir='ltr'><strong><em>Αῦααῒγ,</em></strong></span> <span class='ocrx_word' id='word_1_315' title='bbox 775 3112 899 3164; x_wconf 69' lang='lat' dir='ltr'>ante</span> <span class='ocrx_word' id='word_1_316' title='bbox 936 3111 1169 3170; x_wconf 79' lang='grc' dir='ltr'><strong><em>δυνατος</em></strong></span> <span class='ocrx_word' id='word_1_317' title='bbox 1192 3127 1247 3164; x_wconf 91' lang='lat' dir='ltr'><strong>m</strong></span> <span class='ocrx_word' id='word_1_318' title='bbox 1279 3112 1288 3179; x_wconf 94' lang='grc' dir='ltr'>Ι</span> <span class='ocrx_word' id='word_1_319' title='bbox 1319 3114 1352 3166; x_wconf 92' lang='grc'><strong>6</strong></span> <span class='ocrx_word' id='word_1_320' title='bbox 1373 3129 1648 3188; x_wconf 82' lang='grc' dir='ltr'><strong><em>ηρωτησεν</em></strong></span> <span class='ocrx_word' id='word_1_321' title='bbox 1676 3112 1846 3167; x_wconf 76' lang='lat' dir='ltr'><strong><em>AEGt</em></strong></span> <span class='ocrx_word' id='word_1_322' title='bbox 1864 3118 1885 3149; x_wconf 88' lang='lat'><strong>¹</strong></span> <span class='ocrx_word' id='word_1_323' title='bbox 1914 3114 1923 3182; x_wconf 95' lang='grc' dir='ltr'>Ι</span> <span class='ocrx_word' id='word_1_324' title='bbox 1954 3113 1987 3167; x_wconf 81' lang='lat'>7</span> <span class='ocrx_word' id='word_1_325' title='bbox 2029 3113 2377 3183; x_wconf 77' lang='grc' dir='ltr'><strong><em>απαγγειλον</em></strong></span> <span class='ocrx_word' id='word_1_326' title='bbox 2412 3112 2562 3180; x_wconf 74' lang='lat' dir='ltr'><strong>amty</strong></span> <span class='ocrx_word' id='word_1_327' title='bbox 2602 3108 2611 3180; x_wconf 95' lang='grc' dir='ltr'>Ι</span> 
     </span>
     <span class='ocr_line' id='line_1_27' title="bbox 390 3196 2615 3271; baseline 0 -20"><span class='ocrx_word' id='word_1_328' title='bbox 390 3198 421 3251; x_wconf 83' lang='grc'><strong>7</strong></span> <span class='ocrx_word' id='word_1_329' title='bbox 460 3201 584 3267; x_wconf 78' lang='lat' dir='ltr'><strong>post</strong></span> <span class='ocrx_word' id='word_1_330' title='bbox 617 3216 719 3269; x_wconf 86' lang='grc' dir='ltr'><strong><em>μοι</em></strong></span> <span class='ocrx_word' id='word_1_331' title='bbox 757 3198 823 3264; x_wconf 94' lang='grc' dir='ltr'><strong><em>-Ι-</em></strong></span> <span class='ocrx_word' id='word_1_332' title='bbox 859 3215 914 3249; x_wconf 85' lang='grc' dir='ltr'><strong><em>τι</em></strong></span> <span class='ocrx_word' id='word_1_333' title='bbox 952 3196 996 3250; x_wconf 87' lang='grc' dir='ltr'><strong>Ε</strong></span> <span class='ocrx_word' id='word_1_334' title='bbox 1050 3198 1059 3265; x_wconf 95' lang='grc' dir='ltr'>Ι</span> <span class='ocrx_word' id='word_1_335' title='bbox 1116 3200 1147 3252; x_wconf 86' lang='grc'><strong>7</strong></span> <span class='ocrx_word' id='word_1_336' title='bbox 1183 3201 1308 3267; x_wconf 77' lang='lat' dir='ltr'><strong>post</strong></span> <span class='ocrx_word' id='word_1_337' title='bbox 1338 3216 1440 3252; x_wconf 90' lang='grc' dir='ltr'><strong><em>σου</em></strong></span> <span class='ocrx_word' id='word_1_338' title='bbox 1474 3201 1540 3268; x_wconf 88' lang='grc' dir='ltr'><strong><em>-Ι-</em></strong></span> <span class='ocrx_word' id='word_1_339' title='bbox 1566 3204 1618 3268; x_wconf 61' lang='grc' dir='ltr'>ἶ</span> <span class='ocrx_word' id='word_1_340' title='bbox 1643 3220 1728 3253; x_wconf 85' lang='grc' dir='ltr'><strong><em>οτι</em></strong></span> <span class='ocrx_word' id='word_1_341' title='bbox 1768 3214 2103 3271; x_wconf 72' lang='grc' dir='ltr'><strong><em>ενισχυσαςε</em></strong></span> <span class='ocrx_word' id='word_1_342' title='bbox 2137 3197 2213 3264; x_wconf 82' lang='lat' dir='ltr'><strong><em>G,</em></strong></span> <span class='ocrx_word' id='word_1_343' title='bbox 2253 3214 2287 3252; x_wconf 77' lang='lat' dir='ltr'><strong>a</strong></span> <span class='ocrx_word' id='word_1_344' title='bbox 2323 3199 2615 3253; x_wconf 71' lang='lat' dir='ltr'>correctore</span> 
     </span>
     <span class='ocr_line' id='line_1_28' title="bbox 389 3283 2605 3359; baseline 0 -22"><span class='ocrx_word' id='word_1_345' title='bbox 389 3284 578 3355; x_wconf 73' lang='lat' dir='ltr'><strong>quinto</strong></span> <span class='ocrx_word' id='word_1_346' title='bbox 614 3284 830 3353; x_wconf 73' lang='lat' dir='ltr'><strong>punctis</strong></span> <span class='ocrx_word' id='word_1_347' title='bbox 864 3283 1116 3353; x_wconf 63' lang='lat' dir='ltr'><strong>inposissis</strong></span> <span class='ocrx_word' id='word_1_348' title='bbox 1153 3284 1389 3339; x_wconf 80' lang='lat' dir='ltr'><strong>deletum</strong></span> <span class='ocrx_word' id='word_1_349' title='bbox 1457 3286 1468 3355; x_wconf 90' lang='grc' dir='ltr'>Ι</span> <span class='ocrx_word' id='word_1_350' title='bbox 1531 3290 1566 3343; x_wconf 89' lang='grc'>8</span> <span class='ocrx_word' id='word_1_351' title='bbox 1605 3306 1769 3340; x_wconf 83' lang='grc' dir='ltr'><strong><em>τουτο</em></strong></span> <span class='ocrx_word' id='word_1_352' title='bbox 1808 3294 1877 3345; x_wconf 93' lang='grc'>&gt;</span> <span class='ocrx_word' id='word_1_353' title='bbox 1910 3284 1958 3338; x_wconf 86' lang='grc' dir='ltr'><strong>Α</strong></span> <span class='ocrx_word' id='word_1_354' title='bbox 2017 3286 2027 3355; x_wconf 93' lang='grc' dir='ltr'>Ι</span> <span class='ocrx_word' id='word_1_355' title='bbox 2094 3285 2129 3339; x_wconf 91' lang='grc'>8</span> <span class='ocrx_word' id='word_1_356' title='bbox 2164 3300 2233 3339; x_wconf 88' lang='grc' dir='ltr'><strong><em>συ</em></strong></span> <span class='ocrx_word' id='word_1_357' title='bbox 2271 3302 2477 3359; x_wconf 82' lang='grc' dir='ltr'><strong><em>ερωτας</em></strong></span> <span class='ocrx_word' id='word_1_358' title='bbox 2511 3283 2559 3337; x_wconf 86' lang='grc' dir='ltr'><strong>Α</strong></span> <span class='ocrx_word' id='word_1_359' title='bbox 2595 3287 2605 3350; x_wconf 91' lang='grc' dir='ltr'>Ι</span> 
     </span>
     <span class='ocr_line' id='line_1_29' title="bbox 387 3368 2613 3442; baseline -0.002 -16"><span class='ocrx_word' id='word_1_360' title='bbox 387 3372 424 3426; x_wconf 89' lang='lat'>8</span> <span class='ocrx_word' id='word_1_361' title='bbox 459 3386 527 3423; x_wconf 88' lang='grc' dir='ltr'><strong><em>συ</em></strong></span> <span class='ocrx_word' id='word_1_362' title='bbox 552 3379 619 3429; x_wconf 96' lang='grc'>&gt;</span> <span class='ocrx_word' id='word_1_363' title='bbox 647 3371 698 3425; x_wconf 90' lang='lat' dir='ltr'>D</span> <span class='ocrx_word' id='word_1_364' title='bbox 741 3370 850 3439; x_wconf 75' lang='lat' dir='ltr'>[GR]</span> <span class='ocrx_word' id='word_1_365' title='bbox 879 3368 956 3423; x_wconf 83' lang='lat' dir='ltr'><strong><em>Gz</em></strong></span> <span class='ocrx_word' id='word_1_366' title='bbox 989 3370 997 3440; x_wconf 95' lang='grc' dir='ltr'>Ι</span> <span class='ocrx_word' id='word_1_367' title='bbox 1029 3370 1062 3423; x_wconf 92' lang='grc'>8</span> <span class='ocrx_word' id='word_1_368' title='bbox 1099 3373 1225 3439; x_wconf 73' lang='lat' dir='ltr'><strong>post</strong></span> <span class='ocrx_word' id='word_1_369' title='bbox 1257 3392 1374 3442; x_wconf 88' lang='grc' dir='ltr'><strong><em>μου</em></strong></span> <span class='ocrx_word' id='word_1_370' title='bbox 1416 3373 1482 3440; x_wconf 87' lang='grc' dir='ltr'><strong><em>-Ι-</em></strong></span> <span class='ocrx_word' id='word_1_371' title='bbox 1523 3372 1556 3425; x_wconf 80' lang='grc' dir='ltr'><strong><em>δ’</em></strong></span> <span class='ocrx_word' id='word_1_372' title='bbox 1594 3387 1710 3427; x_wconf 83' lang='grc' dir='ltr'><strong><em>εστι</em></strong></span> <span class='ocrx_word' id='word_1_373' title='bbox 1747 3378 2079 3442; x_wconf 80' lang='grc' dir='ltr'><strong><em>θαυμαστον</em></strong></span> <span class='ocrx_word' id='word_1_374' title='bbox 2112 3388 2145 3425; x_wconf 82' lang='lat' dir='ltr'><strong>a</strong></span> <span class='ocrx_word' id='word_1_375' title='bbox 2174 3371 2303 3441; x_wconf 89' lang='lat' dir='ltr'>[non</span> <span class='ocrx_word' id='word_1_376' title='bbox 2323 3371 2402 3441; x_wconf 80' lang='lat' dir='ltr'><strong><em>y],</em></strong></span> <span class='ocrx_word' id='word_1_377' title='bbox 2434 3372 2499 3437; x_wconf 88' lang='grc' dir='ltr'><strong><em>-Ι-</em></strong></span> <span class='ocrx_word' id='word_1_378' title='bbox 2520 3390 2613 3423; x_wconf 80' lang='grc' dir='ltr'><strong><em>και</em></strong></span> 
     </span>
     <span class='ocr_line' id='line_1_30' title="bbox 386 3455 2612 3528; baseline -0 -19"><span class='ocrx_word' id='word_1_379' title='bbox 386 3476 548 3509; x_wconf 81' lang='grc' dir='ltr'><strong><em>τουτο</em></strong></span> <span class='ocrx_word' id='word_1_380' title='bbox 588 3472 704 3510; x_wconf 86' lang='grc' dir='ltr'><strong><em>εστι</em></strong></span> <span class='ocrx_word' id='word_1_381' title='bbox 743 3463 1075 3526; x_wconf 80' lang='grc' dir='ltr'><strong><em>θαυμαστον</em></strong></span> <span class='ocrx_word' id='word_1_382' title='bbox 1108 3473 1190 3521; x_wconf 91' lang='lat' dir='ltr'><strong><em>m,</em></strong></span> <span class='ocrx_word' id='word_1_383' title='bbox 1242 3459 1308 3526; x_wconf 87' lang='grc' dir='ltr'><strong><em>-Ι-</em></strong></span> <span class='ocrx_word' id='word_1_384' title='bbox 1342 3478 1435 3511; x_wconf 80' lang='grc' dir='ltr'><strong><em>και</em></strong></span> <span class='ocrx_word' id='word_1_385' title='bbox 1473 3479 1610 3512; x_wconf 81' lang='grc' dir='ltr'><strong><em>αυτο</em></strong></span> <span class='ocrx_word' id='word_1_386' title='bbox 1663 3474 1779 3512; x_wconf 82' lang='grc' dir='ltr'><strong><em>εστι</em></strong></span> <span class='ocrx_word' id='word_1_387' title='bbox 1821 3464 2152 3528; x_wconf 77' lang='grc' dir='ltr'><strong><em>θαυμαστον</em></strong></span> <span class='ocrx_word' id='word_1_388' title='bbox 2187 3475 2244 3509; x_wconf 84' lang='lat' dir='ltr'><strong><em>z.</em></strong></span> <span class='ocrx_word' id='word_1_389' title='bbox 2312 3455 2508 3520; x_wconf 78' lang='lat' dir='ltr'><strong>„schol</strong></span> <span class='ocrx_word' id='word_1_390' title='bbox 2546 3474 2612 3508; x_wconf 81' lang='grc' dir='ltr'><strong><em>το</em></strong></span> 
     </span>
     <span class='ocr_line' id='line_1_31' title="bbox 385 3538 2609 3619; baseline -0 -24"><span class='ocrx_word' id='word_1_391' title='bbox 385 3542 498 3596; x_wconf 73' lang='grc' dir='ltr'><strong><em>’και</em></strong></span> <span class='ocrx_word' id='word_1_392' title='bbox 557 3562 718 3596; x_wconf 82' lang='grc' dir='ltr'><strong><em>τουτο</em></strong></span> <span class='ocrx_word' id='word_1_393' title='bbox 767 3560 888 3596; x_wconf 82' lang='grc' dir='ltr'><strong><em>εστι</em></strong></span> <span class='ocrx_word' id='word_1_394' title='bbox 924 3539 1263 3614; x_wconf 73' lang='grc' dir='ltr'><strong><em>θάυμαστον’</em></strong></span> <span class='ocrx_word' id='word_1_395' title='bbox 1321 3563 1435 3619; x_wconf 85' lang='grc' dir='ltr'><strong><em>παρ</em></strong></span> <span class='ocrx_word' id='word_1_396' title='bbox 1489 3546 1678 3599; x_wconf 78' lang='grc' dir='ltr'><strong><em>ουδενι</em></strong></span> <span class='ocrx_word' id='word_1_397' title='bbox 1732 3562 1910 3598; x_wconf 82' lang='grc' dir='ltr'><strong><em>κειται</em></strong></span> <span class='ocrx_word' id='word_1_398' title='bbox 1970 3560 2031 3597; x_wconf 78' lang='grc' dir='ltr'><strong><em>εν</em></strong></span> <span class='ocrx_word' id='word_1_399' title='bbox 2079 3563 2155 3613; x_wconf 82' lang='grc' dir='ltr'><strong><em>τῳ</em></strong></span> <span class='ocrx_word' id='word_1_400' title='bbox 2199 3545 2463 3611; x_wconf 78' lang='grc' dir='ltr'><strong><em>εξαπλῳ“</em></strong></span> <span class='ocrx_word' id='word_1_401' title='bbox 2499 3540 2534 3595; x_wconf 93' lang='lat' dir='ltr'><strong>b</strong></span> <span class='ocrx_word' id='word_1_402' title='bbox 2600 3538 2609 3610; x_wconf 95' lang='grc' dir='ltr'>Ι</span> 
     </span>
     <span class='ocr_line' id='line_1_32' title="bbox 386 3628 2615 3699; baseline -0.002 -14"><span class='ocrx_word' id='word_1_403' title='bbox 386 3632 422 3685; x_wconf 92' lang='grc'>8</span> <span class='ocrx_word' id='word_1_404' title='bbox 457 3631 770 3699; x_wconf 77' lang='grc' dir='ltr'><strong><em>ηυλογησεν</em></strong></span> <span class='ocrx_word' id='word_1_405' title='bbox 803 3628 896 3682; x_wconf 84' lang='grc' dir='ltr'><strong><em>ΑΕ</em></strong></span> <span class='ocrx_word' id='word_1_406' title='bbox 946 3629 953 3697; x_wconf 95' lang='grc' dir='ltr'>Ι</span> <span class='ocrx_word' id='word_1_407' title='bbox 1005 3632 1038 3684; x_wconf 89' lang='grc'><strong>9</strong></span> <span class='ocrx_word' id='word_1_408' title='bbox 1071 3630 1128 3682; x_wconf 91' lang='lat' dir='ltr'><strong><em>in</em></strong></span> <span class='ocrx_word' id='word_1_409' title='bbox 1165 3649 1259 3683; x_wconf 81' lang='grc' dir='ltr'><strong><em>και</em></strong></span> <span class='ocrx_word' id='word_1_410' title='bbox 1295 3630 1485 3686; x_wconf 77' lang='lat' dir='ltr'><strong>literae</strong></span> <span class='ocrx_word' id='word_1_411' title='bbox 1522 3652 1580 3683; x_wconf 83' lang='grc' dir='ltr'><strong><em>αι</em></strong></span> <span class='ocrx_word' id='word_1_412' title='bbox 1616 3631 1675 3684; x_wconf 90' lang='lat' dir='ltr'><strong><em>in</em></strong></span> <span class='ocrx_word' id='word_1_413' title='bbox 1710 3646 1898 3685; x_wconf 75' lang='lat' dir='ltr'><strong>rasura</strong></span> <span class='ocrx_word' id='word_1_414' title='bbox 1947 3632 2176 3699; x_wconf 76' lang='lat' dir='ltr'><strong>quatuor</strong></span> <span class='ocrx_word' id='word_1_415' title='bbox 2207 3628 2488 3683; x_wconf 75' lang='lat' dir='ltr'><strong>literarum</strong></span> <span class='ocrx_word' id='word_1_416' title='bbox 2526 3643 2615 3681; x_wconf 78' lang='lat' dir='ltr'><strong><em>ca-</em></strong></span> 
     </span>
     <span class='ocr_line' id='line_1_33' title="bbox 386 3714 2613 3786; baseline 0.001 -19"><span class='ocrx_word' id='word_1_417' title='bbox 386 3714 570 3783; x_wconf 76' lang='lat' dir='ltr'><strong>paciA</strong></span> <span class='ocrx_word' id='word_1_418' title='bbox 602 3715 612 3783; x_wconf 97' lang='grc' dir='ltr'>Ι</span> <span class='ocrx_word' id='word_1_419' title='bbox 642 3714 676 3767; x_wconf 88' lang='grc'><strong>9</strong></span> <span class='ocrx_word' id='word_1_420' title='bbox 715 3718 941 3768; x_wconf 80' lang='grc' dir='ltr'><strong><em>εκαλεσε</em></strong></span> <span class='ocrx_word' id='word_1_421' title='bbox 976 3730 1006 3767; x_wconf 80' lang='lat' dir='ltr'><strong>c</strong></span> <span class='ocrx_word' id='word_1_422' title='bbox 1036 3717 1044 3781; x_wconf 97' lang='grc' dir='ltr'>Ι</span> <span class='ocrx_word' id='word_1_423' title='bbox 1075 3717 1110 3769; x_wconf 87' lang='grc'>9</span> <span class='ocrx_word' id='word_1_424' title='bbox 1135 3723 1445 3785; x_wconf 81' lang='grc' dir='ltr'><strong><em>ιακωβ&gt;ο</em></strong></span> <span class='ocrx_word' id='word_1_425' title='bbox 1477 3718 1484 3786; x_wconf 94' lang='grc' dir='ltr'>Ι</span> <span class='ocrx_word' id='word_1_426' title='bbox 1519 3720 1589 3773; x_wconf 88' lang='grc'><strong><em>10</em></strong></span> <span class='ocrx_word' id='word_1_427' title='bbox 1621 3715 1801 3780; x_wconf 81' lang='grc' dir='ltr'><strong><em>ιδόΑ,</em></strong></span> <span class='ocrx_word' id='word_1_428' title='bbox 1841 3715 2536 3785; x_wconf 63' lang='grc' dir='ltr'><strong><em>ιδόνΕΙ1011111;111“’οιῖιιιιιι</em></strong></span> <span class='ocrx_word' id='word_1_429' title='bbox 2566 3720 2613 3769; x_wconf 93' lang='grc' dir='ltr'><em>Ο</em></span> 
     </span>
     <span class='ocr_line' id='line_1_34' title="bbox 389 3801 2612 3874; baseline 0 -21"><span class='ocrx_word' id='word_1_430' title='bbox 389 3804 594 3861; x_wconf 80' lang='grc' dir='ltr'><strong><em>ακυλας</em></strong></span> <span class='ocrx_word' id='word_1_431' title='bbox 628 3816 768 3871; x_wconf 82' lang='grc' dir='ltr'><strong><em>φησι</em></strong></span> <span class='ocrx_word' id='word_1_432' title='bbox 793 3815 1106 3872; x_wconf 79' lang='grc' dir='ltr'><strong><em>προσωπον</em></strong></span> <span class='ocrx_word' id='word_1_433' title='bbox 1129 3817 1364 3873; x_wconf 86' lang='grc' dir='ltr'><strong><em>ισχυρου</em></strong></span> <span class='ocrx_word' id='word_1_434' title='bbox 1393 3808 1440 3858; x_wconf 92' lang='grc' dir='ltr'><em>Ο</em></span> <span class='ocrx_word' id='word_1_435' title='bbox 1457 3818 1757 3874; x_wconf 84' lang='grc' dir='ltr'><strong><em>συμμαχος</em></strong></span> <span class='ocrx_word' id='word_1_436' title='bbox 1781 3804 2038 3873; x_wconf 83' lang='grc' dir='ltr'><strong><em>φανουηλ</em></strong></span> <span class='ocrx_word' id='word_1_437' title='bbox 2055 3844 2065 3854; x_wconf 94' lang='grc'><strong>.</strong></span> <span class='ocrx_word' id='word_1_438' title='bbox 2105 3801 2352 3871; x_wconf 74' lang='lat' dir='ltr'><strong>„Aquila</strong></span> <span class='ocrx_word' id='word_1_439' title='bbox 2378 3814 2612 3872; x_wconf 84' lang='grc' dir='ltr'><strong><em>προσω-</em></strong></span> 
     </span>
     <span class='ocr_line' id='line_1_35' title="bbox 388 3882 2609 3960; baseline -0 -20"><span class='ocrx_word' id='word_1_440' title='bbox 388 3906 501 3941; x_wconf 86' lang='grc' dir='ltr'><strong><em>πον</em></strong></span> <span class='ocrx_word' id='word_1_441' title='bbox 534 3901 799 3957; x_wconf 84' lang='grc' dir='ltr'><strong><em>ισχυρου.</em></strong></span> <span class='ocrx_word' id='word_1_442' title='bbox 862 3885 1213 3956; x_wconf 77' lang='lat' dir='ltr'><strong>Symmaohus</strong></span> <span class='ocrx_word' id='word_1_443' title='bbox 1261 3893 1558 3960; x_wconf 81' lang='grc' dir='ltr'><strong><em>φανουηλ“</em></strong></span> <span class='ocrx_word' id='word_1_444' title='bbox 1594 3889 1630 3943; x_wconf 90' lang='lat' dir='ltr'><strong>b</strong></span> <span class='ocrx_word' id='word_1_445' title='bbox 1698 3888 1706 3958; x_wconf 96' lang='grc' dir='ltr'>Ι</span> <span class='ocrx_word' id='word_1_446' title='bbox 1775 3889 1843 3943; x_wconf 90' lang='grc'><strong><em>10</em></strong></span> <span class='ocrx_word' id='word_1_447' title='bbox 1894 3890 2020 3942; x_wconf 76' lang='lat' dir='ltr'><strong>ante</strong></span> <span class='ocrx_word' id='word_1_448' title='bbox 2073 3894 2211 3941; x_wconf 75' lang='grc' dir='ltr'><strong><em>θεον</em></strong></span> <span class='ocrx_word' id='word_1_449' title='bbox 2260 3889 2326 3955; x_wconf 97' lang='grc' dir='ltr'>-Ι-</span> <span class='ocrx_word' id='word_1_450' title='bbox 2365 3904 2463 3939; x_wconf 76' lang='grc' dir='ltr'><strong><em>τον</em></strong></span> <span class='ocrx_word' id='word_1_451' title='bbox 2500 3902 2529 3940; x_wconf 82' lang='lat' dir='ltr'>o</span> <span class='ocrx_word' id='word_1_452' title='bbox 2598 3882 2609 3956; x_wconf 94' lang='grc' dir='ltr'>Ι</span> 
     </span>
     <span class='ocr_line' id='line_1_36' title="bbox 389 3971 2613 4044; baseline -0.003 -14"><span class='ocrx_word' id='word_1_453' title='bbox 389 3975 458 4030; x_wconf 93' lang='grc'><strong><em>10</em></strong></span> <span class='ocrx_word' id='word_1_454' title='bbox 494 3980 636 4026; x_wconf 81' lang='grc' dir='ltr'><strong><em>θεον</em></strong></span> <span class='ocrx_word' id='word_1_455' title='bbox 670 3983 738 4032; x_wconf 94' lang='grc'>&gt;</span> <span class='ocrx_word' id='word_1_456' title='bbox 777 3991 804 4025; x_wconf 85' lang='lat' dir='ltr'>z</span> <span class='ocrx_word' id='word_1_457' title='bbox 859 3975 868 4038; x_wconf 92' lang='grc' dir='ltr'>Ι</span> <span class='ocrx_word' id='word_1_458' title='bbox 923 3976 988 4029; x_wconf 93' lang='grc'><strong><em>11</em></strong></span> <span class='ocrx_word' id='word_1_459' title='bbox 1023 3994 1056 4042; x_wconf 89' lang='grc' dir='ltr'><strong><em>η</em></strong></span> <span class='ocrx_word' id='word_1_460' title='bbox 1095 3986 1249 4044; x_wconf 85' lang='grc' dir='ltr'><strong><em>ψυχη</em></strong></span> <span class='ocrx_word' id='word_1_461' title='bbox 1284 3994 1398 4043; x_wconf 88' lang='grc' dir='ltr'><strong><em>μου</em></strong></span> <span class='ocrx_word' id='word_1_462' title='bbox 1433 3974 1512 4029; x_wconf 79' lang='lat' dir='ltr'><strong><em>Ge</em></strong></span> <span class='ocrx_word' id='word_1_463' title='bbox 1565 3977 1574 4040; x_wconf 92' lang='grc' dir='ltr'>Ι</span> <span class='ocrx_word' id='word_1_464' title='bbox 1633 3976 1697 4030; x_wconf 92' lang='grc'><strong><em>11</em></strong></span> <span class='ocrx_word' id='word_1_465' title='bbox 1736 3979 2009 4028; x_wconf 77' lang='grc' dir='ltr'><strong><em>ανετειλεν</em></strong></span> <span class='ocrx_word' id='word_1_466' title='bbox 2050 3971 2257 4027; x_wconf 61' lang='lat' dir='ltr'><strong><em>AEer</em></strong></span> <span class='ocrx_word' id='word_1_467' title='bbox 2300 3974 2307 4041; x_wconf 98' lang='grc' dir='ltr'>Ι</span> <span class='ocrx_word' id='word_1_468' title='bbox 2358 3975 2422 4027; x_wconf 94' lang='grc'><strong><em>11</em></strong></span> <span class='ocrx_word' id='word_1_469' title='bbox 2464 3991 2613 4041; x_wconf 80' lang='grc' dir='ltr'><strong><em>αυτφ</em></strong></span> 
     </span>
     <span class='ocr_line' id='line_1_37' title="bbox 385 4058 2613 4136; baseline -0.001 -22"><span class='ocrx_word' id='word_1_470' title='bbox 385 4070 454 4121; x_wconf 93' lang='grc'>&gt;</span> <span class='ocrx_word' id='word_1_471' title='bbox 487 4076 555 4128; x_wconf 78' lang='lat' dir='ltr'><strong><em>ay</em></strong></span> <span class='ocrx_word' id='word_1_472' title='bbox 585 4061 594 4127; x_wconf 93' lang='grc' dir='ltr'>Ι</span> <span class='ocrx_word' id='word_1_473' title='bbox 629 4060 692 4113; x_wconf 96' lang='grc'><strong><em>11</em></strong></span> <span class='ocrx_word' id='word_1_474' title='bbox 721 4081 752 4112; x_wconf 93' lang='grc' dir='ltr'><strong><em>ο</em></strong></span> <span class='ocrx_word' id='word_1_475' title='bbox 780 4070 847 4120; x_wconf 96' lang='grc'>&gt;</span> <span class='ocrx_word' id='word_1_476' title='bbox 874 4078 901 4113; x_wconf 86' lang='lat' dir='ltr'><strong>z</strong></span> <span class='ocrx_word' id='word_1_477' title='bbox 933 4062 942 4129; x_wconf 94' lang='grc' dir='ltr'>Ι</span> <span class='ocrx_word' id='word_1_478' title='bbox 976 4060 1042 4114; x_wconf 93' lang='grc'><strong><em>11</em></strong></span> <span class='ocrx_word' id='word_1_479' title='bbox 1084 4063 1372 4136; x_wconf 80' lang='grc' dir='ltr'><strong><em>παρηλθεν</em></strong></span> <span class='ocrx_word' id='word_1_480' title='bbox 1405 4061 1567 4116; x_wconf 73' lang='lat' dir='ltr'><strong><em>AGt¹</em></strong></span> <span class='ocrx_word' id='word_1_481' title='bbox 1600 4062 1609 4129; x_wconf 98' lang='grc' dir='ltr'>Ι</span> <span class='ocrx_word' id='word_1_482' title='bbox 1642 4064 1709 4117; x_wconf 81' lang='lat'><strong><em>12</em></strong></span> <span class='ocrx_word' id='word_1_483' title='bbox 1743 4062 2041 4122; x_wconf 76' lang='grc' dir='ltr'><strong><em>επεσκαζεν</em></strong></span> <span class='ocrx_word' id='word_1_484' title='bbox 2079 4058 2287 4113; x_wconf 79' lang='lat' dir='ltr'><strong>AEGt¹</strong></span> <span class='ocrx_word' id='word_1_485' title='bbox 2328 4061 2338 4125; x_wconf 97' lang='grc' dir='ltr'>Ι</span> <span class='ocrx_word' id='word_1_486' title='bbox 2382 4058 2449 4112; x_wconf 86' lang='grc'>13</span> <span class='ocrx_word' id='word_1_487' title='bbox 2484 4058 2613 4111; x_wconf 74' lang='lat' dir='ltr'><strong><em>ante</em></strong></span> 
     </span>
     <span class='ocr_line' id='line_1_38' title="bbox 389 4144 2609 4218; baseline -0.002 -19"><span class='ocrx_word' id='word_1_488' title='bbox 389 4165 590 4199; x_wconf 79' lang='grc' dir='ltr'><strong><em>τουτου</em></strong></span> <span class='ocrx_word' id='word_1_489' title='bbox 629 4148 694 4213; x_wconf 91' lang='grc' dir='ltr'>-Ι-</span> <span class='ocrx_word' id='word_1_490' title='bbox 733 4164 842 4218; x_wconf 80' lang='grc' dir='ltr'><strong><em>γαρ</em></strong></span> <span class='ocrx_word' id='word_1_491' title='bbox 876 4144 924 4198; x_wconf 87' lang='grc' dir='ltr'><strong>Α</strong></span> <span class='ocrx_word' id='word_1_492' title='bbox 963 4147 970 4215; x_wconf 94' lang='grc' dir='ltr'>Ι</span> <span class='ocrx_word' id='word_1_493' title='bbox 1023 4147 1090 4202; x_wconf 85' lang='grc'>13</span> <span class='ocrx_word' id='word_1_494' title='bbox 1122 4165 1405 4217; x_wconf 78' lang='grc' dir='ltr'><strong><em>φαγονται</em></strong></span> <span class='ocrx_word' id='word_1_495' title='bbox 1440 4148 1491 4202; x_wconf 91' lang='lat' dir='ltr'><strong>D</strong></span> <span class='ocrx_word' id='word_1_496' title='bbox 1522 4148 1662 4217; x_wconf 71' lang='grc'><strong>[63],</strong></span> <span class='ocrx_word' id='word_1_497' title='bbox 1699 4160 1950 4218; x_wconf 79' lang='grc' dir='ltr'><strong><em>φαγοσιν</em></strong></span> <span class='ocrx_word' id='word_1_498' title='bbox 1984 4148 2011 4199; x_wconf 79' lang='lat' dir='ltr'><strong>t</strong></span> <span class='ocrx_word' id='word_1_499' title='bbox 2063 4146 2072 4213; x_wconf 96' lang='grc' dir='ltr'>Ι</span> <span class='ocrx_word' id='word_1_500' title='bbox 2124 4146 2191 4200; x_wconf 88' lang='grc'><strong><em>13</em></strong></span> <span class='ocrx_word' id='word_1_501' title='bbox 2224 4146 2350 4199; x_wconf 72' lang='lat' dir='ltr'><strong>ante</strong></span> <span class='ocrx_word' id='word_1_502' title='bbox 2388 4163 2506 4197; x_wconf 87' lang='grc' dir='ltr'><strong><em>υιοι</em></strong></span> <span class='ocrx_word' id='word_1_503' title='bbox 2544 4145 2609 4210; x_wconf 85' lang='grc' dir='ltr'><strong><em>-Ι-</em></strong></span> 
     </span>
     <span class='ocr_line' id='line_1_39' title="bbox 383 4229 2615 4307; baseline 0 -23"><span class='ocrx_word' id='word_1_504' title='bbox 383 4252 441 4284; x_wconf 85' lang='grc' dir='ltr'><strong><em>οι</em></strong></span> <span class='ocrx_word' id='word_1_505' title='bbox 482 4232 581 4285; x_wconf 89' lang='lat' dir='ltr'><strong><em>AD</em></strong></span> <span class='ocrx_word' id='word_1_506' title='bbox 610 4231 726 4301; x_wconf 70' lang='lat' dir='ltr'><strong>[Gn]</strong></span> <span class='ocrx_word' id='word_1_507' title='bbox 752 4230 1004 4301; x_wconf 72' lang='lat' dir='ltr'><strong>EGomtz]</strong></span> <span class='ocrx_word' id='word_1_508' title='bbox 1035 4233 1042 4301; x_wconf 85' lang='grc' dir='ltr'>Ι</span> <span class='ocrx_word' id='word_1_509' title='bbox 1083 4232 1150 4287; x_wconf 85' lang='grc'>13</span> <span class='ocrx_word' id='word_1_510' title='bbox 1187 4232 1406 4307; x_wconf 80' lang='grc' dir='ltr'><strong><em>ισραηλ]</em></strong></span> <span class='ocrx_word' id='word_1_511' title='bbox 1445 4248 1587 4299; x_wconf 84' lang='grc' dir='ltr'><strong><em>ησαυ</em></strong></span> <span class='ocrx_word' id='word_1_512' title='bbox 1611 4233 1656 4286; x_wconf 85' lang='grc' dir='ltr'><strong>Ε</strong></span> <span class='ocrx_word' id='word_1_513' title='bbox 1701 4234 1711 4298; x_wconf 91' lang='grc' dir='ltr'>Ι</span> <span class='ocrx_word' id='word_1_514' title='bbox 1752 4231 1821 4287; x_wconf 83' lang='lat'><strong><em>14</em></strong></span> <span class='ocrx_word' id='word_1_515' title='bbox 1854 4250 1917 4283; x_wconf 82' lang='grc' dir='ltr'><strong><em>το</em></strong></span> <span class='ocrx_word' id='word_1_516' title='bbox 1960 4233 2167 4291; x_wconf 64' lang='lat' dir='ltr'><strong><em>ulmos·</em></strong></span> <span class='ocrx_word' id='word_1_517' title='bbox 2201 4246 2300 4299; x_wconf 75' lang='lat' dir='ltr'><strong><em>aoy</em></strong></span> <span class='ocrx_word' id='word_1_518' title='bbox 2329 4231 2339 4299; x_wconf 94' lang='grc' dir='ltr'>Ι</span> <span class='ocrx_word' id='word_1_519' title='bbox 2381 4229 2447 4284; x_wconf 87' lang='grc'>14</span> <span class='ocrx_word' id='word_1_520' title='bbox 2488 4231 2615 4299; x_wconf 79' lang='lat' dir='ltr'><strong>post</strong></span> 
     </span>
     <span class='ocr_line' id='line_1_40' title="bbox 382 4316 2614 4393; baseline 0 -22"><span class='ocrx_word' id='word_1_521' title='bbox 382 4338 562 4393; x_wconf 86' lang='grc' dir='ltr'><strong><em>μηρου</em></strong></span> <span class='ocrx_word' id='word_1_522' title='bbox 605 4321 666 4382; x_wconf 84' lang='grc' dir='ltr'><strong><em>-Ι-</em></strong></span> <span class='ocrx_word' id='word_1_523' title='bbox 707 4326 884 4386; x_wconf 81' lang='grc' dir='ltr'><strong><em>ιακωβ</em></strong></span> <span class='ocrx_word' id='word_1_524' title='bbox 912 4319 990 4383; x_wconf 90' lang='lat' dir='ltr'><strong><em>A,</em></strong></span> <span class='ocrx_word' id='word_1_525' title='bbox 1029 4318 1124 4373; x_wconf 78' lang='lat' dir='ltr'><strong><em>sed</em></strong></span> <span class='ocrx_word' id='word_1_526' title='bbox 1161 4327 1336 4387; x_wconf 80' lang='grc' dir='ltr'><strong><em>ιακωβ</em></strong></span> <span class='ocrx_word' id='word_1_527' title='bbox 1369 4318 1470 4374; x_wconf 81' lang='lat' dir='ltr'><strong><em>hoo</em></strong></span> <span class='ocrx_word' id='word_1_528' title='bbox 1504 4321 1561 4372; x_wconf 73' lang='lat' dir='ltr'><strong><em>et</em></strong></span> <span class='ocrx_word' id='word_1_529' title='bbox 1592 4318 1856 4373; x_wconf 75' lang='lat' dir='ltr'><strong>uocabula</strong></span> <span class='ocrx_word' id='word_1_530' title='bbox 1889 4332 2058 4387; x_wconf 82' lang='lat' dir='ltr'><strong>usque</strong></span> <span class='ocrx_word' id='word_1_531' title='bbox 2094 4316 2165 4370; x_wconf 73' lang='lat' dir='ltr'><strong><em>ad</em></strong></span> <span class='ocrx_word' id='word_1_532' title='bbox 2216 4334 2382 4369; x_wconf 83' lang='grc' dir='ltr'><strong><em>αυτου</em></strong></span> <span class='ocrx_word' id='word_1_533' title='bbox 2421 4316 2552 4381; x_wconf 81' lang='lat'><strong>134,</strong></span> <span class='ocrx_word' id='word_1_534' title='bbox 2579 4317 2614 4371; x_wconf 85' lang='lat'><strong>3</strong></span> 
     </span>
     <span class='ocr_line' id='line_1_41' title="bbox 385 4403 2611 4475; baseline 0 -18"><span class='ocrx_word' id='word_1_535' title='bbox 385 4403 666 4472; x_wconf 77' lang='lat' dir='ltr'><strong>sequentia</strong></span> <span class='ocrx_word' id='word_1_536' title='bbox 695 4428 745 4467; x_wconf 89' lang='lat'><strong><em>·‚,</em></strong></span> <span class='ocrx_word' id='word_1_537' title='bbox 764 4419 798 4457; x_wconf 81' lang='lat' dir='ltr'><strong>a</strong></span> <span class='ocrx_word' id='word_1_538' title='bbox 846 4406 1137 4460; x_wconf 73' lang='lat' dir='ltr'>correctore</span> <span class='ocrx_word' id='word_1_539' title='bbox 1189 4403 1421 4475; x_wconf 70' lang='lat' dir='ltr'><strong>quodam</strong></span> <span class='ocrx_word' id='word_1_540' title='bbox 1465 4405 1786 4475; x_wconf 76' lang='lat' dir='ltr'><strong>perantiquo</strong></span> <span class='ocrx_word' id='word_1_541' title='bbox 1800 4410 1831 4433; x_wconf 93' lang='lat'>“</span> <span class='ocrx_word' id='word_1_542' title='bbox 1878 4404 1935 4458; x_wconf 88' lang='lat' dir='ltr'><strong><em>in</em></strong></span> <span class='ocrx_word' id='word_1_543' title='bbox 1987 4418 2176 4457; x_wconf 77' lang='lat' dir='ltr'><strong>rasura</strong></span> <span class='ocrx_word' id='word_1_544' title='bbox 2222 4403 2424 4471; x_wconf 75' lang='lat' dir='ltr'><strong>scripta</strong></span> <span class='ocrx_word' id='word_1_545' title='bbox 2468 4405 2611 4467; x_wconf 78' lang='lat' dir='ltr'><strong>sunt,</strong></span> 
     </span>
     <span class='ocr_line' id='line_1_42' title="bbox 385 4488 2613 4564; baseline 0 -20"><span class='ocrx_word' id='word_1_546' title='bbox 385 4490 624 4559; x_wconf 75' lang='lat' dir='ltr'><strong>exeeptis</strong></span> <span class='ocrx_word' id='word_1_547' title='bbox 661 4492 902 4559; x_wconf 79' lang='lat' dir='ltr'><strong>quatuor.</strong></span> <span class='ocrx_word' id='word_1_548' title='bbox 925 4490 1150 4558; x_wconf 78' lang='lat' dir='ltr'>syllabis</span> <span class='ocrx_word' id='word_1_549' title='bbox 1187 4510 1289 4564; x_wconf 84' lang='grc' dir='ltr'><strong><em>ρου</em></strong></span> <span class='ocrx_word' id='word_1_550' title='bbox 1322 4499 1498 4561; x_wconf 78' lang='grc' dir='ltr'><strong><em>ιακωβ</em></strong></span> <span class='ocrx_word' id='word_1_551' title='bbox 1535 4493 1601 4547; x_wconf 87' lang='grc'>15</span> <span class='ocrx_word' id='word_1_552' title='bbox 1668 4494 1677 4563; x_wconf 96' lang='grc' dir='ltr'>Ι</span> <span class='ocrx_word' id='word_1_553' title='bbox 1740 4490 1895 4563; x_wconf 82' lang='lat' dir='ltr'>14s15</span> <span class='ocrx_word' id='word_1_554' title='bbox 1933 4508 2031 4551; x_wconf 83' lang='grc' dir='ltr'><strong><em>εως</em></strong></span> <span class='ocrx_word' id='word_1_555' title='bbox 2079 4490 2147 4545; x_wconf 86' lang='grc'>14</span> <span class='ocrx_word' id='word_1_556' title='bbox 2197 4505 2367 4562; x_wconf 73' lang='lat' dir='ltr'><strong>usque</strong></span> <span class='ocrx_word' id='word_1_557' title='bbox 2398 4488 2471 4546; x_wconf 79' lang='lat' dir='ltr'><strong><em>ad</em></strong></span> <span class='ocrx_word' id='word_1_558' title='bbox 2502 4509 2613 4562; x_wconf 83' lang='grc' dir='ltr'><strong><em>μη-</em></strong></span> 
     </span>
    </p>
   </div>
  </div>
 </body>
</html>
