3169 4941
1293 415 1518 472 Genesis
1557 416 1646 472 35.
2481 415 2583 471 143

291 601 318 645 1
351 603 494 663 χεεν
537 570 645 646 ἐπ’
691 574 886 666 αὐτὴν
928 573 1164 646 ἔλαιον.
1263 579 1321 619 ¹5
1335 575 1448 643 καὶ
1494 571 1791 643 ἐκάλεσεν
1832 567 2061 660 Ἰακώβ
2101 574 2179 643 τὸ
2220 571 2427 661 ὄνομα
2468 571 2582 644 τοῦ

355 678 598 765 τόπου,
673 681 744 748 ἐν
807 673 861 768 ᾦ
924 676 1195 769 ε’λάλησε
1264 677 1400 765 μετ’
1468 680 1668 746 αὐτοῦ
1736 678 1874 747 ἐκεῖ
1931 677 1968 746 ὃ
2034 676 2225 764 θεός,
2303 680 2583 772 Βαιθήλ.

369 791 428 829 1⁶
455 778 719 874 ἀπάρας
780 783 854 851 δὲ
907 780 1140 868 Ἰακώβ
1203 783 1274 850 ἐκ
1328 783 1595 872 Βαιθὴλ
1660 781 1860 873 ἔπηξε
1916 783 2032 874 τὴν
2097 783 2326 874 σκηνὴν
2383 777 2581 851 αὐτοῦ

359 889 668 957 ἐπέκεινα
726 895 842 954 τοῦ
893 882 1139 974 πύργου
1204 893 1265 950 Γ
1259 887 1462 975 αδέρ.ἓ
1505 886 1751 974 ἐγένετο
1792 885 1893 969 δέ,
1952 885 2143 977 ἡνίκα
2185 884 2439 978 ἤγγισεν
2490 887 2585 967 εἰς

291 1015 322 1060 5
360 990 700 1081 Χαβραθά
753 998 872 1058 τοῦ
920 989 1142 1059 ἐλθεῖν
1205 988 1300 1070 εἰς
1356 990 1468 1080 τὴν
1516 983 1818 1079 Ἐφραθά
1832 1041 1852 1076 ,
1930 988 2108 1060 ἔτεκε
2142 986 2397 1082 Ῥαχήλ·
2470 992 2584 1060 καὶ

359 1092 834 1185 ἐδυστόκησεν’
805 1121 872 1163 εν
895 1099 989 1183 τῷ
1016 1091 1673 1183 τοκετῷ.1”ἐγένετο
1712 1093 1785 1162 δὲ
1828 1094 1894 1162 ἒν
1937 1101 2031 1184 τῷ
2063 1097 2352 1186 σκληρῶς
2393 1092 2583 1185 αὐτὴν

357 1197 596 1267 τίκτειν
639 1191 825 1266 εἶπεν
867 1192 1029 1289 αὐτῇ
1073 1195 1112 1288 ἡ
1153 1224 1318 1283 μαια
1369 1198 1643 1288 Θάρσει,
1688 1197 1800 1265 καὶ
1838 1199 1959 1288 γὰρ
2000 1190 2191 1325 οὗτός
2235 1223 2343 1266 σοι
2404 1198 2582 1266 ἐστὶν

357 1300 513 1383 υἱός.
614 1302 722 1346 18
689 1303 942 1390 εγὲνετο
1000 1302 1072 1370 δὲ
1133 1301 1200 1369 ἒν
1255 1309 1350 1391 τῷ
1389 1301 1653 1389 ἀφιέναι
1708 1295 1903 1392 αὐτὴν
1956 1300 2069 1393 τὴν
2113 1299 2355 1392 ψυχήν,
2414 1299 2585 1370 ἀπέ-

359 1413 604 1496 θνησκε
649 1403 798 1495 γάρ,
845 1405 1103 1474 ἐκάλεσε
1147 1407 1224 1473 τὸ
1271 1402 1482 1492 ὄνομα
1525 1399 1724 1473 αὐτοῦ
1774 1403 1933 1486 Υἱὸς
1974 1398 2196 1494 ὀδύνης
2237 1430 2392 1490 μου·
2443 1404 2478 1474 ὃ
2510 1407 2585 1474 δὲ

259 1534 326 1580 10
361 1511 577 1600 πατὴρ
621 1506 923 1577 ἐκάλεσεν
988 1510 1064 1579 τὸ
1117 1507 1319 1595 ὄνομα
1374 1502 1569 1577 αὐτοῦ
1633 1507 1966 1595 Βενιαμίν.
2066 1515 2122 1553 19
2155 1506 2459 1577 ἀπέθανε
2510 1508 2585 1577 δὲ

347 1610 605 1704 Ῥαχήλ,
681 1613 794 1680 καὶ
851 1609 1061 1703 ἐτάφη
1121 1610 1191 1682 ἒν
1244 1619 1325 1704 τῇ
1392 1611 1527 1702 ὁδῷ
1597 1621 1712 1680 τοῦ
1783 1609 2203 1702 ἱπποδρόμου
2253 1607 2581 1703 Ἑφραθά·

358 1717 514 1806 αὕτη
573 1717 714 1784 ἐστὶ
759 1716 1088 1806 Βηθλεέμ.
1184 1717 1369 1785 20καὶ
1426 1715 1695 1807 ἔστησεν
1749 1709 1970 1803 Ἰακώβ
2022 1714 2255 1807 στήλην
2310 1718 2427 1785 ἐπὶ
2470 1721 2585 1785 τοῦ

355 1819 668 1911 μνημείου
709 1817 901 1912 αὐτῆς
918 1844 931 1858 ·
973 1820 1128 1911 αὕτη
1172 1819 1353 1889 ἐστὶν
1381 1818 1420 1911 ἡ
1455 1817 1653 1911 στήλη
1698 1819 1818 1888 ἐπὶ
1861 1828 1977 1888 τοῦ
2015 1819 2327 1912 μνημείου
2358 1820 2585 1913 Ῥαχὴλ

357 1924 483 2004 ἕως
512 1931 624 2016 τῆς
652 1923 892 2014 ἡμέρας
931 1920 1183 2014 ταύτης.
1237 1929 1296 1967 2¹
1312 1925 1564 2011 ἐγένετο
1594 1923 1686 2008 δέ,
1718 1922 1911 2016 ἡνίκα
1939 1925 2307 2015 κατῴκησεν
2338 1921 2585 2016 Ἰσραὴλ

504 2090 531 2144 1
567 2093 694 2159 post
728 2109 896 2157 αυτην
930 2092 1042 2146 tres
1078 2090 1272 2146 literae
1304 2090 1540 2146 radendo
1578 2091 1789 2145 deletae
1836 2093 1892 2145 et
1929 2094 2050 2144 ελαι
2104 2091 2251 2145 uocis
2288 2096 2484 2146 ελαιον
2524 2093 2582 2147 in

357 2193 546 2232 rasura
581 2175 670 2230 G.
694 2175 946 2231 librarius
976 2177 1094 2246 ipse
1131 2178 1349 2246 scripsit
1414 2179 1422 2247 Ι
1490 2180 1520 2232 1
1562 2181 1788 2231 εκαλεσε
1824 2180 1943 2232 mt⁹
1994 2177 2003 2246 Ι
2066 2181 2095 2233 1
2131 2186 2309 2248 ιακωβ
2344 2190 2412 2239 >
2450 2182 2533 2234 mt
2572 2179 2580 2251 Ι

359 2265 394 2317 2
431 2266 694 2331 ελαλησεν
729 2262 984 2320 AEGomt
1034 2267 1046 2340 Ι
1095 2263 1128 2316 2
1169 2285 1198 2317 ο
1232 2272 1363 2322 θεος
1395 2281 1498 2337 μετ
1537 2284 1705 2317 αυτου
1736 2282 1847 2317 εκει
1886 2266 1997 2328 mt,
2052 2281 2156 2334 μετ
2190 2285 2357 2318 αυτου
2390 2286 2420 2318 ο
2456 2271 2586 2324 θεος

362 2367 474 2404 εκει
509 2368 536 2402 z
569 2349 577 2421 Ι
609 2351 644 2404 2
670 2367 779 2403 εκει
819 2359 886 2409 >
917 2367 985 2420 ay
1016 2352 1024 2419 Ι
1055 2353 1090 2406 3
1129 2369 1338 2427 απηρεν
1371 2349 1420 2404 G
1460 2350 1467 2418 Ι
1512 2353 1546 2406 3
1586 2357 1760 2418 ιακωβ
1796 2360 1865 2409 >
1891 2348 1941 2403 G
1971 2351 1980 2418 Ι
2012 2350 2102 2420 314
2138 2354 2303 2419 επηξε
2340 2352 2375 2406 3
2412 2367 2584 2421 usque

360 2437 431 2491 ad
465 2437 642 2509 γαδερ
679 2436 717 2491 4
752 2444 820 2495 >
861 2435 910 2491 G
964 2439 972 2503 Ι
1021 2440 1056 2494 3
1092 2440 1288 2504 επηξεν
1321 2437 1479 2492 AEt¹
1533 2437 1542 2507 Ι
1594 2436 1631 2491 4
1665 2443 1839 2513 γαβερ
1874 2436 1917 2491 Ε
1972 2438 1981 2506 Ι
2035 2436 2072 2491 4
2107 2453 2323 2506 εγενετο
2362 2439 2450 2508 δε]
2488 2457 2583 2493 και

361 2540 580 2593 εγενετο
617 2521 664 2577 G
697 2526 705 2588 Ι
735 2522 772 2576 4
807 2540 1072 2594 ηγγεισεν
1105 2522 1185 2588 A,
1219 2539 1420 2595 ηγγισε
1461 2526 1703 2577 cm‘tssz
1734 2523 1741 2592 Ι
1773 2524 1810 2576 4
1846 2541 1925 2583 εις
1947 2533 2014 2583 >
2038 2522 2137 2577 AD
2166 2524 2282 2594 [Gn]
2306 2522 2541 2579 EGcmtz
2572 2524 2580 2596 Ι

361 2612 396 2666 5
409 2616 693 2683 χαφραθα
719 2626 786 2679 ay
817 2611 825 2677 Ι
858 2611 1004 2663 ὅτου
1041 2614 1230 2663 ελθειν
1265 2628 1346 2671 εις
1382 2630 1481 2677 την
1512 2610 1605 2675 bc,
1642 2627 1739 2663 του
1777 2613 1968 2664 ελθειν
2006 2626 2083 2669 εις
2116 2628 2223 2680 γην
2262 2626 2353 2675 az,
2396 2615 2585 2665 ελθειν

362 2714 441 2757 εις
475 2714 582 2765 γην
612 2698 720 2760 mt,
770 2714 849 2757 εις
885 2715 992 2766 γην
1027 2700 1216 2751 ελθειν
1256 2695 1354 2751 AD
1397 2697 1506 2767 [on]
1535 2695 1631 2751 EG
1666 2696 2121 2767 [Tischcndorfius
2138 2737 2150 2760 ,
2202 2698 2294 2765 qui
2324 2697 2426 2751 hoc
2458 2698 2575 2752 loco

360 2781 646 2837 adcuratus
681 2798 790 2837 non
817 2785 928 2847 est,
976 2782 1043 2837 ab
1081 2799 1171 2848 eo,
1219 2783 1312 2853 qui
1348 2785 1669 2854 scripturam
1704 2784 1987 2839 renouauit
2016 2783 2242 2852 „inepte
2259 2790 2309 2847 “,
2347 2804 2449 2851 την
2485 2802 2581 2853 pro

358 2888 464 2940 γην
499 2868 687 2923 datum
720 2884 840 2925 esse
873 2870 1061 2939 refert]
1130 2872 1139 2936 Ι
1204 2871 1239 2925 5
1273 2871 1364 2925 uix
1398 2872 1711 2926 crediderim
1750 2871 1877 2926 libri
1904 2888 1959 2924 m
1999 2870 2281 2925 librarium
2316 2876 2582 2943 ευφραθα

359 2955 460 3010 hoc
493 2956 610 3011 loco
646 2958 704 3009 et
737 2957 795 3010 in
827 2957 1176 3027 sequentibus
1209 2958 1473 3023 uoluisse,
1528 2959 1660 3014 licet
1704 2959 1762 3013 in
1795 2959 2011 3012 nomine
2057 2958 2237 3012 mimis
2270 2960 2403 3013 noto
2445 2974 2582 3027 quae

359 3042 578 3111 scripsit
610 3042 690 3096 ita
722 3043 959 3113 legerem
1003 3047 1012 3113 Ι
1056 3046 1088 3097 5
1129 3062 1309 3098 ετεκεν
1346 3044 1472 3099 AGt
1489 3050 1534 3110 1,
1579 3063 1763 3115 ετεχεν
1796 3045 1840 3097 Ε
1896 3045 1906 3114 Ι
1956 3046 1987 3099 5
2023 3047 2148 3113 post
2182 3064 2277 3098 και
2306 3047 2373 3113 -Ι-
2412 3062 2473 3098 εν
2508 3065 2585 3099 τω

359 3148 561 3183 ructet-v
595 3146 652 3183 cz
684 3131 692 3195 Ι
725 3132 758 3185 6
791 3131 1120 3196 εδυστοκησε
1159 3148 1186 3183 z
1217 3131 1225 3200 Ι
1257 3132 1290 3185 6
1333 3149 1394 3185 εν
1426 3152 1502 3202 τῳ
1537 3150 1741 3201 τοκετῳ
1778 3140 1846 3190 >
1880 3148 1939 3185 cz
1983 3132 1992 3200 Ι
2037 3133 2070 3186 6
2108 3149 2327 3202 εγενετο
2364 3133 2447 3202 δε]
2489 3151 2583 3185 και

363 3232 582 3284 εγενετο
620 3235 648 3269 z
696 3217 705 3283 Ι
751 3215 784 3269 7
823 3234 1010 3284 τικτην
1044 3217 1089 3270 Ε
1115 3222 1133 3253 1
1187 3219 1194 3284 Ι
1245 3218 1275 3271 7
1314 3237 1448 3285 αυτη
1486 3238 1518 3286 η
1551 3212 1697 3288 μαια
1734 3224 1937 3293 θαρσει
1973 3218 2022 3271 A
2057 3218 2115 3271 in
2149 3233 2339 3273 rasura
2374 3234 2586 3283 „manu

361 3302 628 3371 antiqua“
679 3303 687 3371 Ι
730 3303 760 3356 7
797 3322 932 3377 αυττη
969 3312 1036 3361 >
1072 3320 1128 3356 m
1167 3304 1176 3370 Ι
1209 3304 1239 3357 7
1275 3310 1449 3375 θαρσι
1485 3302 1534 3357 Gr
1565 3304 1572 3373 Ι
1607 3305 1638 3358 7
1677 3320 1769 3357 σοι
1807 3315 1875 3365 >
1911 3303 1959 3358 Α
1992 3305 1999 3373 Ι
2047 3303 2132 3375 718
2170 3323 2287 3363 υιος
2324 3320 2475 3357 εστιν
2504 3320 2533 3357 c
2572 3304 2580 3374 Ι

361 3387 396 3440 8
431 3402 658 3459 αφειναι
690 3388 807 3458 [sic]
837 3408 999 3456 αυτης
1036 3408 1138 3455 την
1159 3390 1203 3443 Ε
1236 3389 1245 3457 Ι
1276 3390 1310 3444 8
1343 3408 1603 3461 αφειεναι
1628 3390 1677 3444 Gr
1710 3391 1716 3460 Ι
1747 3391 1782 3444 8
1818 3409 1990 3458 αυτην
2012 3401 2079 3450 >
2107 3409 2133 3443 z
2165 3393 2174 3457 Ι
2206 3390 2295 3458 8s9
2333 3396 2581 3457 απεθνη-

362 3490 494 3528 σκεν
525 3473 731 3529 AEGt¹
773 3476 783 3543 Ι
824 3474 859 3527 9
897 3477 1154 3529 εκαλεσεν
1188 3476 1391 3531 AEth
1423 3477 1432 3546 Ι
1472 3476 1506 3529 9
1545 3478 1674 3531 ante
1708 3496 1772 3529 το
1808 3478 1874 3545 -Ι-
1914 3478 1975 3529 δε
2014 3477 2058 3529 Ε
2090 3479 2099 3543 Ι
2146 3477 2213 3531 10
2245 3478 2371 3545 post
2405 3494 2585 3550 πατηρ

363 3562 430 3628 -Ι-
452 3580 620 3615 αυτου
655 3561 719 3625 A,
759 3566 808 3620 ἶ
833 3580 1001 3614 αυτου
1027 3578 1040 3614 2
1066 3562 1220 3617 addit
1241 3561 1320 3627 G,
1353 3564 1410 3616 in
1454 3579 1559 3632 quo
1582 3562 1759 3632 prima
1782 3577 1949 3616 manu
1985 3578 2144 3630 super
2182 3568 2233 3621 ῖ
2256 3561 2545 3616 asteriscus
2573 3562 2581 3630 Ι

366 3647 434 3699 10
470 3650 725 3701 εκαλεσεν
745 3646 846 3701 AD
873 3648 990 3717 [Gn]
1014 3647 1224 3713 Eabmt,
1254 3652 1473 3703 εκαλεσε
1499 3666 1558 3703 cz
1590 3651 1599 3717 Ι
1632 3652 1699 3704 10
1734 3668 1797 3701 το
1835 3666 2020 3720 ονομα
2054 3668 2223 3701 αυτου
2255 3647 2350 3702 bcz
2367 3688 2381 3713 ,
2418 3666 2586 3701 αυτον

361 3731 460 3785 AD
487 3732 603 3801 [GR]
629 3732 842 3789 EGamt
883 3740 892 3801 Ι
935 3735 1000 3789 10
1035 3742 1327 3806 βενιαμειν
1363 3734 1460 3789 AD
1489 3736 1607 3805 [GR]
1633 3733 1713 3798 G,
1750 3741 2023 3804 βενιαμην
2054 3751 2082 3785 z
2132 3734 2139 3801 Ι
2192 3735 2258 3788 10
2296 3740 2586 3787 απεθανεν

361 3817 533 3873 AEGt
551 3824 568 3854 ¹
597 3822 607 3887 Ι
652 3823 716 3875 11
754 3821 824 3875 ad
857 3837 1011 3875 suam
1047 3820 1369 3889 scripturam
1403 3821 1464 3875 b:
1517 3821 1643 3885 „ita
1676 3819 1765 3873 LL
1789 3819 1891 3874 UU
1929 3821 1986 3873 et
2017 3818 2377 3888 Hieronymus
2414 3832 2511 3885 cap
2550 3818 2584 3871 4

360 3904 602 3959 Micheas
618 3944 631 3957 .
671 3905 875 3960 Rachel
908 3906 968 3959 in
1001 3906 1094 3959 uia.
1133 3909 1252 3960 erat
1287 3909 1345 3959 et
1377 3906 1436 3960 in
1475 3906 1857 3975 hippodromo,
1898 3904 1957 3958 id
1994 3906 2079 3957 est
2114 3920 2369 3972 equorum
2393 3918 2551 3956 cursu
2569 3941 2582 3954 .

361 3994 420 4045 et
456 3992 572 4059 ipse
614 3992 775 4046 Iacob
812 3990 988 4047 Genes
1018 3993 1090 4049 48
1125 3994 1442 4061 εγγιζοντος
1496 3993 1639 4062 pets,
1691 4007 1801 4046 non
1850 3990 2085 4059 repeto].
2156 3988 2253 4041 AA
2288 3990 2375 4043 LL
2423 4007 2483 4042 εν
2520 4008 2585 4063 τῃ

364 4079 478 4146 οὸῳ
529 4084 779 4151 εφραθα.
846 4078 1046 4148 Aquila
1097 4083 1212 4131 καθ
1248 4078 1389 4131 οδον
1435 4097 1529 4145 της
1574 4083 1719 4148 γης“
1786 4082 1796 4139 Ι
1863 4079 1928 4132 11
1976 4096 2072 4128 του
2110 4075 2473 4147 ιπποδρομου
2518 4083 2585 4132 >

362 4162 462 4217 AD
489 4163 605 4232 [os]
635 4161 855 4234 EGacy,
893 4168 1018 4233 post
1053 4171 1280 4237 εφραθα
1315 4163 1472 4232 ponit
1509 4181 1538 4218 z
1569 4164 1578 4233 Ι
1624 4164 1691 4217 12
1725 4178 1875 4216 εστιν
1909 4159 2053 4214 ABG
2084 4160 2094 4229 Ι
2141 4160 2208 4212 12
2241 4163 2476 4230 βιθλεεμ
2512 4176 2584 4223 m,

361 4252 580 4321 βηθλεμ
617 4252 646 4302 t
683 4250 692 4317 Ι
737 4250 806 4303 13
840 4250 945 4303 init
978 4270 1225 4321 μνημιου
1263 4248 1340 4313 G,
1375 4267 1668 4321 μνηματος
1705 4266 1735 4301 z
1779 4252 1787 4315 Ι
1833 4248 1902 4301 13
1938 4262 2054 4300 εστι
2091 4247 2349 4315 acmt²yz
2390 4245 2401 4315 Ι
2448 4246 2516 4300 13
2551 4266 2585 4314 η

362 4344 430 4393 >
470 4334 569 4387 AD
610 4334 726 4404 [on]
755 4333 1056 4404 EGacmtyz
1089 4338 1098 4402 Ι
1138 4336 1206 4390 13
1243 4352 1336 4389 sm
1373 4354 1476 4387 του
1515 4344 1582 4393 >
1618 4334 1716 4387 AD
1745 4334 1859 4403 [en]
1885 4331 2199 4401 EGamtyzl
2236 4332 2302 4387 13
2332 4332 2409 4385 fin
2437 4350 2584 4402 μνη-

361 4440 498 4490 μιου
545 4418 594 4473 G
661 4421 669 4493 Ι
740 4420 808 4472 14
851 4438 1056 4495 ημερας
1107 4440 1306 4488 ταυτης
1356 4420 1483 4485 bez,
1547 4438 1791 4497 σημερον
1849 4438 2061 4493 ημερας
2093 4416 2193 4471 AD
2219 4418 2336 4488 [GR]
2372 4418 2584 4490 Eamty,
