3169 4941
2538 428 2603 482 17

319 606 350 659 1
385 591 520 657 nati
565 592 712 657 sunt
727 639 743 669 ‚
819 590 925 674 qui
981 589 1154 673 prius
1197 590 1429 656 Futhei
1483 590 1873 657 uocabantur
1889 639 1905 670 ‚
1981 594 2045 658 et
2092 591 2439 674 chasloim,
2498 595 2607 679 qui

387 694 676 779 deinceps
735 693 1078 760 Philistiim
1143 693 1442 778 appellati
1503 697 1652 760 sunt
1670 744 1685 774 ,
1748 715 1903 778 quos
1965 715 2079 766 nos
2142 701 2433 782 corrupte
2478 701 2605 765 Pa-

383 799 686 865 laestinos
759 798 1023 863 dicimus
1040 846 1055 877 ‚
1134 800 1378 863 ceterae
1446 817 1553 863 sex
1611 801 1831 883 gentes
1890 799 2145 884 ignotae
2204 802 2383 869 nobis
2441 805 2605 882 sunt,

390 903 536 988 quia
595 903 761 967 bello
805 902 1155 986 aethiopico
1213 901 1551 968 subuersae
1610 921 1807 986 usque
1864 904 1944 968 ad
1990 904 2370 970 obliuionem
2422 925 2605 989 prae-

319 1007 350 1060 5
385 1007 719 1071 teritorum
762 1005 1087 1070 nominum
1131 1024 1490 1089 peruenere.
1574 1005 1989 1089 possederam:
2034 1009 2247 1074 autem
2288 1011 2525 1074 terram
2572 1030 2609 1076 a

386 1108 560 1175 Gaza
602 1129 800 1193 usque
844 1108 923 1174 ad
971 1111 1282 1174 extremos
1320 1109 1476 1175 fines
1518 1108 1811 1194 Aegypti.

557 1216 641 1276 Et
656 1214 936 1277 Chanaan
958 1218 1168 1307 yenuz‘p
1196 1214 1420 1278 Sidona
1441 1219 1917 1298 primoyenitum
1953 1237 2131 1279 suum
2176 1222 2231 1280 et
2259 1217 2605 1282 chettaeum

384 1323 442 1381 ct
512 1320 861 1382 Iebusaeum
918 1323 974 1381 et
1035 1317 1440 1382 Amorraeum
1512 1322 1570 1381 et
1627 1319 2031 1402 Gergesaeum
2096 1326 2155 1384 et
2207 1322 2483 1384 Euaeum
2544 1330 2602 1387 et

385 1421 728 1486 Aracaeum
757 1427 815 1485 et
853 1421 1136 1488 Smaeum
1167 1427 1225 1485 et
1247 1421 1554 1485 Aradium
1584 1427 1642 1486 et
1658 1422 2051 1486 Samaraeum
2090 1430 2148 1487 et
2180 1424 2604 1493 Amathaeum.

285 1539 352 1596 10
389 1522 464 1588 de
509 1505 805 1589 OBanaan
853 1525 1092 1608 primus
1149 1526 1335 1589 natus
1393 1526 1490 1590 661
1535 1524 1758 1604 Sidon,
1820 1545 1859 1592 a
1902 1545 2023 1609 quo
2071 1527 2223 1593 urbs
2250 1539 2252 1544 ·
2282 1528 2350 1592 111
2394 1530 2603 1596 Ρ1166-

386 1628 525 1693 11166
587 1627 780 1694 Sidon
850 1630 1132 1693 uocatur.
1225 1628 1369 1694 dein
1431 1628 1751 1697 Aracaous
1769 1679 1785 1709 ‚
1872 1631 1978 1714 qui
2040 1629 2245 1697 Arcas
2308 1632 2603 1712 condidit,

388 1732 684 1816 oppidum
729 1734 944 1797 6611116
991 1731 1294 1816 Tripolim
1355 1733 1423 1796 in
1469 1731 1784 1799 radicibus
1825 1733 2050 1800 Libani
2095 1735 2305 1801 situm.
2405 1756 2443 1802 a
2483 1755 2604 1822 quo

386 1834 555 1901 haud
606 1836 827 1919 procul
885 1835 1012 1902 alia
1057 1836 1282 1902 ciuitas
1340 1836 1462 1902 fuit
1505 1836 1758 1902 nomine
1805 1836 1971 1917 Sini,
2023 1859 2181 1923 quae
2221 1842 2443 1924 postea
2491 1860 2607 1906 ua-

386 1939 477 2004 rio
538 1941 770 2004 euentu
817 1939 1120 2005 subuersa
1180 1939 1492 2006 bellorum
1509 1988 1525 2020 ‚
1605 1961 1833 2007 nomen
1888 1943 2139 2008 tantum
2210 1943 2397 2010 modo
2466 1946 2606 2012 loco

286 2063 353 2118 15
384 2043 721 2126 pristinum
791 2043 1156 2109 reseruauit.
1277 2043 1500 2109 Aradii
1541 2047 1751 2134 sunt,
1834 2045 1941 2129 qui
1980 2046 2268 2112 Aradum
2334 2049 2611 2116 insulam

384 2147 829 2229 possederunt,
897 2149 1163 2230 angusto
1237 2146 1398 2212 freto
1475 2166 1512 2212 a
1576 2148 1909 2214 Phoenicis
1974 2149 2159 2217 litore
2234 2155 2605 2236 separatam.

387 2249 709 2315 Samaraei
781 2250 1029 2316 Emissa
1118 2249 1348 2316 nobilis
1423 2250 1640 2334 Syriae
1716 2252 1937 2318 Coeles
1998 2255 2241 2320 ciuitas,
2368 2256 2609 2322 Amath

387 2372 583 2438 usque
631 2353 711 2419 ad
771 2356 1060 2418 nostrum
1115 2356 1364 2438 tempus
1423 2357 1560 2420 tam
1620 2375 1658 2421 a
1701 2355 1875 2439 Syris
1924 2376 2113 2441 quam
2170 2359 2249 2440 ab
2302 2360 2612 2426 Hebraeis

388 2456 516 2536 ita‚·
555 2458 630 2523 ut
676 2457 842 2542 apud
884 2459 1137 2524 ueteres
1184 2456 1352 2524 dicta
1394 2458 1635 2538 fuerat,
1682 2459 2065 2543 appellatur:
2109 2462 2272 2528 hanc
2312 2463 2610 2530 Macedo-

285 2570 357 2625 20
390 2580 504 2627 nes
521 2609 536 2639 ,
595 2563 703 2645 qui
744 2565 889 2646 post
936 2560 1368 2627 Alexandrum
1410 2562 1478 2627 in
1523 2562 1761 2628 oriente
1805 2567 2229 2647 regnaucrunt
2249 2616 2265 2646 ‚
2332 2568 2608 2652 Epipha-

391 2667 564 2732 niam
619 2667 1159 2749 nuncupauerunt.
1250 2685 1376 2731 non
1423 2666 1584 2731 nulli
1628 2667 2035 2733 Antiochiam
2095 2668 2187 2735 ita
2234 2670 2614 2754 appellatam

390 2772 636 2852 putant.
728 2770 838 2835 alii
853 2819 869 2849 ‚
922 2770 1073 2836 licet
1116 2789 1242 2835 non
1282 2789 1429 2835 uere
1448 2819 1463 2849 ‚
1524 2772 1739 2837 tamen
1785 2772 2143 2856 opinionem
2200 2792 2381 2839 suam
2438 2775 2617 2858 quasi

391 2874 530 2939 ueri
569 2874 762 2939 simili
804 2874 1114 2940 uocabulo
1163 2875 1580 2953 6611661611166,
1626 2876 1817 2941 Emas
1861 2876 2133 2960 primam
2170 2876 2248 2942 ab
2274 2876 2618 2945 Antiochia

392 2978 782 3043 mansionem
823 2976 1129 3044 Edessam
1164 2978 1571 3063 pergentibus
1620 2979 1923 3064 appellari
1974 2982 2205 3065 putant
2247 2983 2312 3045 61
2354 2980 2616 3048 eandem

288 3090 360 3145 25
398 3101 533 3147 osse
550 3130 566 3160 ‚
611 3101 771 3166 quae
817 3081 980 3166 apud
1012 3085 1262 3149 ueteres
1309 3082 1477 3147 dicta
1516 3084 1601 3149 sit
1640 3084 1890 3149 Emath.

569 3189 652 3249 Et
707 3187 846 3267 fuit
898 3192 1190 3251 terminus
1241 3188 1732 3252 chananaeorum
1789 3210 1826 3252 a
1884 3188 2101 3253 Sidone
2166 3190 2345 3254 donec
2408 3196 2619 3255 uenias·

395 3295 459 3353 in
504 3291 742 3355 Gerara
807 3312 991 3373 usque
1047 3291 1126 3354 ad
1168 3292 1399 3356 Gazam
1446 3295 1843 3375 peryentibus
1894 3292 2213 3357 Sodomam
2264 3300 2323 3358 et
2366 3296 2619 3361 Gomor-

395 3415 532 3458 ram
586 3400 642 3457 et
692 3394 995 3457 Adamam
1057 3401 1114 3458 et
1169 3395 1404 3458 Seboim
1459 3416 1646 3477 usque
1699 3396 1778 3458 ad
1821 3396 2053 3459 Lecem.
2170 3397 2313 3478 quia
2373 3400 2617 3464 ceterae

401 3496 692 3561 ciuitates
710 3545 726 3574 ‚
791 3494 982 3560 Sidon
1030 3482 1345 3574 uidelicet
1391 3498 1456 3560 et
1499 3496 1740 3562 Gerara
1782 3499 1847 3562 et
1890 3496 2163 3563 Sodoma
2205 3501 2271 3563 61
2312 3498 2620 3567 Gomorra

296 3610 367 3663 30
403 3603 468 3665 61
510 3598 761 3664 Adama
808 3602 874 3664 et
918 3597 1198 3677 Seboim,
1244 3602 1431 3665 116166
1479 3600 1629 3664 611111
1674 3599 1961 3664 omnibus
1980 3648 1996 3677 ‚
2049 3600 2169 3665 hoc
2214 3603 2463 3667 tantum
2504 3603 2619 3669 ad-

401 3701 750 3769 notandum
788 3702 1040 3767 uidetur
1100 3699 1266 3784 quod
1310 3703 1470 3767 Lece
1518 3702 1657 3785 ipsa
1702 3702 1815 3781 sit,
1875 3721 2035 3785 quae
2096 3723 2261 3769 nunc
2307 3704 2618 3772 Callirhoe

543 3870 575 3923 7
613 3868 723 3919 Gen
767 3866 853 3933 10,
898 3866 1166 3934 15—181
1198 3866 1266 3921 26
1303 3868 1414 3919 Gen
1454 3869 1538 3932 10,
1576 3867 1643 3921 19

403 3993 428 4019 Ι
548 4015 575 4068 1
610 4015 774 4067 futhei
822 4021 926 4084 βγ,
973 4015 1102 4066 futei
1140 4033 1186 4084 φ
1249 4015 1258 4084 Ι
1328 4014 1361 4069 9
1407 4016 1665 4067 asinaeum
1699 4034 1746 4086 φ
1807 4016 1817 4083 Ι
1889 4017 1954 4071 11
2008 4018 2125 4067 dein
2172 4023 2281 4087 βφ,
2327 4020 2506 4071 deinde
2541 4019 2615 4089 y}

408 4101 475 4157 13
509 4103 637 4153 116111
673 4107 740 4169 β,
789 4102 926 4154 haud
963 4119 1036 4169 y,
1082 4102 1186 4152 hau
1223 4120 1270 4172 φ
1313 4104 1324 4167 Ι
1371 4102 1434 4155 17
1475 4103 1675 4152 aemath
1710 4120 1755 4171 φ
1812 4102 1819 4171 Ι
1874 4102 1943 4156 23
1980 4119 2114 4154 emas
2150 4108 2251 4170 βγ,
2300 4121 2487 4157 emmas
2524 4126 2569 4177 φ
2608 4108 2615 4177 Ι

406 4189 478 4244 24
515 4188 742 4239 edessam
782 4206 847 4255 y,
895 4188 1114 4239 edissam
1156 4194 1218 4252 β,
1270 4186 1518 4239 aedissam
1553 4206 1599 4256 φ
1667 4186 1673 4254 Ι
1734 4187 1804 4243 25
1838 4188 2001 4239 dictas
2050 4190 2283 4239 itemathi
2317 4210 2361 4259 φ
2378 4230 2392 4255 ,
2433 4203 2623 4255 puncto

411 4277 570 4325 emus
603 4282 716 4324 anto
751 4290 777 4325 e
812 4277 980 4325 addito
1011 4271 1020 4342 Ι
1050 4272 1121 4328 28
1157 4274 1316 4324 1666111
1349 4278 1472 4344 βγφ
1504 4272 1513 4342 Ι
1543 4272 1610 4326 31
1647 4273 1753 4323 lece
1788 4280 1907 4345 βγφ
1938 4274 1947 4344 Ι
1978 4274 2045 4328 31
2086 4274 2329 4327 callirhoe
2364 4282 2452 4347 βγ,
2497 4277 2626 4344 galli

406 4361 532 4412 rohe
565 4378 610 4429 φ

2170 4460 2206 4517 2
