3169 4941
572 422 646 481 58

581 587 754 673 giros
829 584 933 668 (id
993 587 1096 651 est
1153 602 1449 652 cocorum
1499 584 1851 673 principes)
1912 604 2027 672 pro
2081 582 2406 671 magistris
2488 584 2800 651 exercitus
2856 600 2889 654 1

581 691 892 774 scriptura
931 693 1416 757 commemorat:
1475 683 1873 776 μαγειρεύειν
1933 688 2159 775 quippe
2204 708 2429 775 graece
2486 688 2799 773 interpre-

579 795 754 861 tatur
799 794 1098 864 occidere.
1185 794 1482 861 uenditus
1523 795 1623 861 est
1663 793 1861 880 igitur
1904 794 2132 878 Ioseph
2174 792 2443 879 principi
2487 792 2799 859 exercitus

575 901 640 965 et
685 897 1092 977 bellatorum,
1151 916 1280 965 non
1323 898 1605 977 Petefre‚
1664 900 1739 964 ut
1780 898 1849 963 in
1908 897 2105 965 latino
2151 898 2459 983 scriptum
2502 898 2629 975 est,
2688 894 2799 961 sed.

577 1002 930 1087 Phutiphar
975 1003 1278 1069 eunucho.
1366 1002 1477 1067 ubi
1522 1002 1843 1086 quaeritur
1884 1020 2008 1087 quo
2049 1000 2235 1068 modo
2252 1002 2497 1086 -postea
2536 1018 2799 1067 uxorem
2850 1002 2889 1059 5

575 1106 806 1173 habere
851 1104 1116 1173 dicatur.
1217 1104 1480 1173 tradunt
1517 1105 1793 1173 Hebraei
1838 1108 2120 1191 emptum
2166 1105 2245 1172 ab
2284 1106 2407 1171 hoc
2449 1105 2676 1188 Ioseph
2716 1104 2796 1169 ob

576 1209 842 1277 nimiam
896 1209 1432 1294 pulchritudinem
1491 1210 1556 1277 in
1583 1243 1589 1249 ·
1620 1204 1803 1293 turpe
1853 1209 2276 1276 ministerium
2334 1210 2401 1275 et
2461 1228 2499 1274 a
2546 1207 2797 1274 domino

573 1313 866 1405 uirilibus
931 1312 1066 1379 eius
1127 1310 1422 1381 arefactis
1487 1317 1710 1399 postea
1774 1312 2047 1379 electum
2112 1330 2249 1380 esse
2314 1312 2493 1379 iuxta
2554 1330 2797 1381 morem

574 1417 1130 1503 hierophantarum
1172 1417 1240 1483 in
1287 1417 1729 1502 pontificatum
1771 1416 2197 1502 Heliopoleos:
2248 1418 2316 1483 et
2356 1415 2544 1482 huius
2597 1414 2795 1484 filiam

575 1542 716 1589 esse
759 1522 1071 1600 Aseneth‚
1120 1538 1310 1605 quam
1350 1524 1573 1607 postea
1611 1522 1838 1607 Ioseph
1880 1540 2141 1589 uxorem
2184 1520 2519 1605 acceperit.
2834 1524 2905 1583 lo

749 1630 833 1692 Et
877 1628 1096 1692 adteeit
1135 1632 1193 1693 et
1226 1631 1464 1713 peperit
1488 1628 1706 1710 filium
1722 1676 1739 1706 ,
1784 1632 1842 1692 et
1885 1631 2129 1694 uocauit
2170 1648 2377 1691 nomen
2412 1630 2543 1689 eius
2564 1624 2796 1691 Selom:
3000 1624 3010 1633 ‘

575 1734 720 1797 haec
771 1736 969 1797 autem
1021 1736 1150 1797 erat
1186 1736 1252 1795 in
1287 1733 1543 1809 chazbi,
1614 1732 1845 1815 quando
1878 1735 2118 1817 peperit
2161 1752 2275 1796 eos.
2362 1730 2629 1795 uerbum
2680 1728 2797 1793 he-

579 1835 840 1901 braeum
877 1834 980 1900 hic
1023 1853 1136 1920 pro
1179 1834 1307 1901 loci
1345 1834 1653 1901 uocabulo
1700 1834 1977 1919 positum
2020 1836 2151 1913 est,
2198 1833 2364 1917 quod
2406 1831 2641 1919 Aquila
2681 1850 2793 1917 pro

575 1957 645 2005 re
685 1938 1014 2005 transtulit
1065 1938 1276 2005 dicens
1321 1944 1379 2004 et
1430 1942 1673 2003 uocauit
1714 1960 1921 2002 nomen
1974 1943 2105 2002 eius
2148 1939 2363 2003 Selom.
2460 1942 2518 2001 et
2563 1937 2795 2015 factum

575 2048 662 2107 eet
716 2048 783 2107 ut
827 2048 1178 2109 mentiretur
1213 2048 1280 2106 in
1319 2048 1540 2127 partu,
1591 2048 1907 2127 postquam
1944 2046 2155 2125 yenuit
2208 2064 2361 2106 eum.
2461 2042 2796 2125 postquam
2831 2049 2901 2104 15

577 2147 748 2213 enim
802 2146 1024 2233 genuit
1077 2146 1312 2225 Selom,
1384 2145 1566 2213 stetit
1618 2147 1841 2230 partus
1900 2145 2055 2211 eius.
2174 2144 2405 2211 Ohazbi
2459 2163 2609 2229 ergo
2668 2161 2796 2209 non

577 2269 805 2320 nomen
849 2250 1005 2329 loci,
1065 2248 1176 2315 sed
1231 2249 1631 2317 mendacium
1672 2248 1921 2315 dicitur.
2019 2248 2185 2315 unde
2246 2250 2313 2315 et
2355 2248 2422 2312 in
2479 2248 2603 2315 alio
2654 2247 2795 2313 loco

574 2356 880 2440 scriptum
939 2355 1040 2423 est
1137 2360 1454 2421 mentietur
1507 2376 1659 2440 opus
1716 2356 1941 2434 oliuae,
2012 2351 2077 2418 id
2136 2354 2236 2419 est
2288 2352 2565 2419 fructum
2624 2351 2797 2419 oliua

571 2479 698 2527 non
735 2458 942 2527 faciet.

746 2566 831 2628 Et
869 2565 1205 2628 consolatus
1243 2563 1430 2626 Iudae
1481 2561 1743 2626 aseendit
1800 2561 1881 2624 ad
1929 2581 2030 2625 eos
2044 2609 2059 2638 ‚
2130 2563 2240 2644 qui
2292 2561 2605 2625 tondebant
2654 2582 2795 2625 oues
2826 2573 2901 2628 20

570 2673 732 2746 eius,
817 2671 946 2751 ipse
1005 2671 1062 2730 et
1120 2667 1320 2731 Hira&
1374 2671 1587 2751 pastor
1644 2670 1776 2730 eine
1836 2666 2243 2730 Odollamitee.
2356 2683 2471 2749 pro
2540 2665 2791 2749 pastore

568 2772 814 2838 amicus
879 2769 1132 2855 legitur.
1247 2770 1359 2836 sed
1416 2769 1683 2837 uerbum
1742 2768 2110 2854 ambiguum
2168 2771 2291 2847 est,
2371 2769 2517 2852 quia
2588 2768 2795 2834 isdem

568 2875 772 2966 literis
815 2876 1154 2958 utrumque
1197 2893 1426 2941 nomen
1483 2872 1810 2940 scribiturt
1866 2891 2089 2938 uerum
2134 2872 2375 2939 amicus
2422 2897 2520 2952 re,
2572 2873 2791 2958 pastor

569 3003 640 3045 ro
681 2978 931 3065 legitur.

743 3087 826 3148 Et
865 3085 1019 3147 sedit
1063 3083 1142 3146 ad
1195 3088 1435 3167 portam
1479 3084 1655 3145 Enan
1672 3129 1689 3158 ,
1748 3102 1897 3164 quae
1948 3085 2037 3144 eet
2088 3085 2154 3144 in
2195 3082 2454 3144 transitu
2486 3082 2787 3154 Thamna.
2823 3079 2895 3134 25

568 3205 774 3258 sermo
827 3184 1158 3252 hebraicus
1213 3190 1408 3252 enaim
1459 3183 1838 3250 transfertur
1882 3182 1952 3262 in
1998 3183 2229 3250 oculos.
2346 3201 2472 3262 non
2516 3183 2614 3248 est
2666 3182 2789 3267 igi-

567 3292 672 3357 tur
725 3309 952 3357 nomen
1010 3289 1164 3368 loci,
1237 3288 1349 3354 sed
1407 3290 1505 3354 est
1573 3307 1824 3362 sensus:
1899 3288 2066 3354 sedit
2120 3287 2187 3352 in
2244 3286 2446 3364 binio,
2522 3285 2657 3352 siue
2721 3273 2823 3352 in'

571 3394 842 3479 compito
857 3444 872 3473 ‚
950 3394 1060 3460 ubi
1125 3392 1493 3479 diligentius
1551 3393 1738 3460 debet
1794 3392 2001 3459 uiator
2058 3390 2336 3476 aspicere
2356 3439 2373 3468 ,
2444 3389 2610 3474 quod
2666 3389 2789 3456 iter

566 3497 896 3584 gradiendi
938 3497 1163 3583 capiat.

743 3605 1033 3687 Goymuit
1089 3607 1284 3666 autem
1331 3603 1519 3665 Iuda-s·
1569 3605 1628 3664 et
1677 3601 1839 3664 dixit
1880 3602 2115 3664 Iustior.
2146 3603 2233 3664 eet
2286 3600 2405 3662 illa
2444 3619 2623 3681 quam
2662 3620 2787 3682 eqo,
2822 3611 2896 3667 30

566 3729 634 3772 eo
673 3709 828 3792 quod
875 3729 990 3772 non
1034 3707 1177 3770 dedi
1214 3727 1345 3770 eam
1379 3706 1578 3770 Selom
1607 3705 1753 3787 filio
1793 3725 1937 3768 meo.
2027 3701 2095 3768 in
2139 3702 2409 3768 hebraeo
2450 3700 2643 3767 habet
2695 3707 2788 3766 iu-

576 3873 635 3892 .·
704 3843 770 3896 11
809 3843 920 3894 Gen
957 3838 1042 3905 38,
1081 3837 1257 3910 5118
1291 3839 1643 3914 Ambacum&
1691 3834 1899 3907 17120
1936 3837 2151 3900 Gen38,
2189 3833 2399 3904 12125
2435 3835 2653 3900 Gen38,
2680 3833 2783 3906 141

564 3930 636 4002 30
674 3931 784 3981 Gen
820 3928 906 3990 38,
944 3927 1015 3982 26

709 4029 740 4082 1
777 4043 1050 4095 coquorum
1090 4046 1135 4098 φ
1203 4025 1212 4094 Ι
1275 4026 1312 4080 4
1346 4027 1586 4091 petephre
1624 4033 1668 4095 φ
1712 4021 1719 4092 Ι
1772 4022 1807 4077 5
1842 4021 2071 4088 photifar
2112 4041 2156 4094 φ
2204 4021 2211 4090 Ι
2258 4022 2291 4076 6
2331 4027 2555 4088 emptum
2598 4029 2666 4080 >
2701 4029 2737 4090 β
2774 4021 2781 4094 Ι

435 4137 440 4142 ·
568 4117 637 4174 10
669 4117 882 4166 aseneeh
914 4119 1002 4182 βγ,
1053 4128 1230 4165 asenec
1265 4131 1310 4182 φ
1358 4112 1368 4179 Ι
1409 4112 1478 4166 10
1511 4111 1711 4174 accepit
1744 4115 1781 4177 β
1822 4107 1830 4178 Ι
1879 4110 2035 4176 12113
2064 4109 2363 4160 hebraicum
2392 4114 2428 4175 β
2482 4107 2491 4177 Ι
2544 4109 2610 4164 15
2643 4115 2786 4176 post-

565 4207 715 4270 qua'm
737 4200 930 4266 -genuit
965 4215 1078 4251 eum
1114 4206 1181 4256 >
1215 4217 1260 4268 φ
1324 4198 1333 4264 Ι
1405 4198 1474 4252 16
1517 4197 1671 4249 Cazbi
1708 4201 1761 4264 β,
1798 4196 1940 4247 cazib
1980 4214 2025 4265 φ
2070 4194 2079 4258 Ι
2127 4195 2192 4249 17
2229 4195 2414 4246 dicitur
2449 4201 2547 4266 βφ,
2586 4200 2663 4246 est
2696 4215 2734 4266 y
2774 4194 2782 4266 Ι

563 4290 632 4345 21
665 4289 842 4355 thyras
863 4291 954 4354 βγ,
985 4287 1150 4337 thiras
1173 4303 1218 4356 φ
1253 4282 1260 4353 Ι
1301 4284 1368 4340 21
1406 4283 1727 4336 adollamites
1753 4302 1789 4351 γ
1830 4279 1837 4352 Ι
1875 4280 1947 4338 24
1968 4297 2025 4332 ro
2050 4287 2137 4352 βγ,
2176 4297 2265 4332 roe
2292 4301 2336 4353 φ
2364 4280 2373 4349 Ι
2407 4281 2477 4336 25
2513 4298 2673 4334 aenan
2700 4303 2745 4355 φ
2774 4283 2791 4352 Ι,

563 4375 635 4430 26
666 4374 863 4424 aenaim
899 4391 968 4444 φ,
1024 4373 1190 4438 enaim
1225 4376 1260 4440 β
1291 4369 1298 4442 Ι
1329 4372 1400 4428 30
1433 4371 1527 4423 illa
1560 4375 1651 4440 βγ,
1693 4375 1760 4427 >
1792 4387 1837 4444 φ
