3169 4941
620 429 692 486 64

616 612 730 677 per
759 584 1145 678 πρόλημψιν
1179 611 1323 658 611111
1349 591 1576 677 Ioseph
1624 595 1689 660 61
1724 592 1995 676 posteris
2024 592 2153 658 suis
2181 591 2549 677 Aegyptum
2596 593 2855 678 ingres·
2900 595 2933 649 1

623 717 726 763 sas
787 715 923 762 esse
979 695 1304 774 dixerunt,
1365 696 1434 761 in
1474 697 1966 763 Deuteronomio
2024 695 2198 762 LXX
2243 698 2498 762 tantum
2550 699 2857 764 introisse

619 801 989 868 memorant.
1110 799 1274 884 quod
1320 800 1376 866 si
1415 820 1448 865 e
1495 800 1808 868 contrario
1854 801 2033 867 nobis
2089 800 2250 866 illud
2296 802 2630 884 opponitur
2648 852 2663 879 ,
2724 821 2853 884 quo

620 905 808 970 modo
855 905 920 970 in
978 904 1223 970 actibus
1281 905 1708 987 apostolorum
1764 906 1832 968 in
1890 906 2181 972 contione
2236 904 2542 989 Stephani
2596 906 2855 971 dicatur

623 1009 703 1076 ad
745 1007 1048 1093 populum
1091 1006 1324 1080 LXXV
1366 1009 1608 1075 animas
1652 1009 1971 1093 ingressas
2014 1027 2148 1074 esse
2194 1008 2593 1094 Aegyptum,
2640 1009 2849 1074 facilis
2888 1017 2926 1070 5

621 1112 938 1178 excusatio
985 1114 1102 1181 est.
1205 1131 1328 1178 non
1385 1113 1552 1177 enim
1609 1113 1825 1178 debuit
1883 1115 2137 1178 sanctus
2176 1112 2380 1179 Lucas
2402 1163 2417 1192 ‚
2485 1114 2593 1196 qui
2649 1114 2853 1196 ipsius

621 1218 921 1284 historiae
967 1217 1234 1299 scriptor
1293 1218 1390 1281 631
1404 1247 1436 1294 ,·
1475 1216 1544 1281 in
1604 1218 1825 1300 gentes
1872 1219 2125 1282 actuum
2172 1215 2602 1300 apostolorum
2660 1217 2851 1281 uolu—

622 1339 770 1387 men
849 1319 1142 1386 emittens
1221 1319 1605 1385 contrarium
1680 1319 1915 1402 aliquid
1984 1320 2259 1386 scribere
2334 1319 2636 1386 aduersus
2702 1340 2851 1385 eam

623 1425 1020 1509 scripturam,
1063 1441 1223 1507 quae
1270 1423 1399 1488 iam
1441 1422 1651 1488 fuerat
1698 1423 2040 1506 gentilibus
2088 1423 2430 1507 diuulgata.
2523 1426 2589 1488 et
2626 1425 2850 1506 utique

620 1529 820 1596 maior
895 1527 1201 1613 opinionis
1262 1525 1373 1592 illo
1446 1525 1775 1592 dumtaxat
1849 1529 2131 1610 tempore
2200 1527 2370 1592 LXX
2426 1530 2850 1610 interpretum
2892 1537 2961 1590 10

619 1633 970 1699 habebatur
1021 1630 1364 1697 auctoritas
1421 1649 1611 1714 quam
1669 1631 1903 1709 Lucae,
1980 1633 2087 1714 qui
2140 1631 2393 1716 ignotus
2453 1635 2515 1697 et
2572 1633 2719 1697 uilis
2778 1635 2849 1697 et

622 1756 750 1804 non
787 1755 1056 1821 magnae
1097 1734 1242 1799 fidei
1293 1733 1360 1798 111
1407 1735 1766 1801 nationibus
1814 1735 2174 1801 ducebatur.
2279 1737 2399 1801 hoc
2461 1738 2671 1802 autem
2726 1756 2846 1820 ge-

624 1841 922 1908 neraliter
967 1838 1428 1905 obseruandum
1487 1837 1655 1923 quod
1713 1839 2089 1922 ubicumque
2155 1841 2359 1904 sancti
2416 1841 2681 1925 apostoli
2730 1843 2846 1906 aut

623 1943 952 2030 apostolici
1020 1943 1142 2009 uiri
1213 1942 1508 2008 locuntur
1565 1941 1647 2007 ad
1702 1942 1996 2026 populosi,
2067 1943 2167 2008 1113
2235 1942 2601 2028 plerumque
2656 1945 2847 2009 testi-

619 2049 848 2116 moniis
899 2048 1242 2114 abutuntur
1256 2097 1272 2124 ‚
1343 2065 1500 2131 quae
1560 2047 1689 2111 iam
1745 2045 1995 2112 fuerant
2036 2046 2103 2110 111
2148 2047 2445 2130 gentibus
2492 2047 2841 2138 diuulgata,
2888 2057 2958 2111 15

620 2153 771 2219 11661
831 2151 1110 2236 plerique
1183 2149 1438 2216 tradant
1492 2150 1733 2216 Lucam
1794 2149 2255 2234 euangelistam
2322 2153 2397 2217 111
2452 2150 2845 2235 proselytum

620 2256 926 2322 hebraeas
968 2255 1186 2320 literas
1230 2255 1570 2338 ignorasse.

795 2362 1013 2425 Iudam
1041 2383 1198 2424 uero
1244 2363 1412 2445 {nisit
1449 2365 1582 2423 ante
1625 2380 1687 2421 se
1740 2359 1818 2422 aol
1860 2360 2071 2444 Ioseph
2085 2408 2101 2436 ,
2162 2363 2230 2422 ut
2274 2365 2611 2424 occurreret
2656 2364 2716 2422 ei
2767 2362 2851 2423 ad

619 2469 828 2532 urbem
899 2467 1150 2529 heroum
1214 2469 1276 2527 in
1334 2468 1497 2528 terra
1555 2463 1861 2548 Ramesse.
1964 2450 2063 2527 in⁸
2100 2461 2371 2528 hebraeo
2433 2482 2549 2529 nec
2622 2464 2849 2531 urbem

519 2590 526 2597 ·
622 2570 817 2637 habet
855 2569 1119 2634 heroum
1163 2587 1280 2633 1166
1320 2569 1554 2634 16116111
1595 2568 1916 2646 1161116336,
1964 2566 2076 2632 sed
2121 2568 2371 2633 tantum
2401 2569 2587 2634 modo
2616 2568 2843 2637 Gosen.
2882 2578 2959 2633 20

623 2694 744 2741 11011
783 2672 942 2739 1111111
983 2670 1360 2738 Iudaeorum
1401 2672 1693 2737 asserunt
1718 2670 1926 2737 Gosen
1972 2691 2140 2737 nunc
2184 2668 2569 2757 Thebaidem
2612 2673 2849 2738 uocari.

625 2782 690 2845 et
732 2779 799 2843 id
812 2827 828 2857 ‚
883 2776 1048 2862 quod
1091 2778 1312 2860 postea
1359 2776 1642 2859 sequitur
1700 2776 1861 2839 dedit
1917 2781 2005 2841 eis
2060 2782 2127 2841 ut
2166 2778 2543 2861 possiderent
2582 2778 2854 2862 Aeyypti

627 2890 855 2948 terram
901 2886 1187 2966 optimam
1224 2885 1288 2945 in
1329 2881 1619 2959 Ramesse
1633 2931 1651 2959 ,
1696 2898 1933 2965 pagum
1978 2879 2357 2945 Arsenoi'ten
2404 2881 2496 2945 sic
2532 2880 2683 2946 olim
2724 2900 2848 2947 uo-

627 2988 842 3053 catum
885 2985 1234 3051 autumant.

801 3093 884 3154 Et
929 3092 1112 3153 dia-it.
1136 3094 1196 3152 ei
1236 3090 1386 3152 Iura
1438 3110 1578 3172 eryo
1631 3091 1801 3152 mihi.
1906 3092 1979 3152 el·
2015 3092 2253 3152 iurauit
2312 3092 2374 3151 ei
2385 3136 2401 3166 ‚
2456 3094 2513 3152 et
2565 3090 2849 3153 adorauit
2886 3110 2961 3164 25

625 3196 864 3259 Israhel
908 3199 1112 3257 contra
1149 3197 1548 3257 summitatem
1594 3196 1807 3275 uia-yae
1865 3197 2011 3258 eius.
2116 3195 2182 3257 et
2226 3192 2291 3255 in
2338 3193 2459 3258 hoc
2515 3192 2654 3258 loco
2707 3194 2852 3276 qui-

629 3296 774 3363 dam
843 3296 1082 3362 frustra
1156 3295 1458 3362 simulant
1511 3295 1805 3362 adorasse
1870 3297 2058 3362 Iacob
2128 3297 2559 3363 summitatem
2614 3297 2855 3381 sceptri

631 3404 889 3487 Ioseph,
949 3401 1114 3485 quod
1157 3401 1454 3467 uidelicet
1495 3403 1809 3467 honorans
1853 3400 2053 3466 filium
2094 3402 2475 3486 potestatem
2519 3402 2649 3467 eius
2696 3400 2853 3467 ado-

628 3506 866 3574 rauerit
883 3556 898 3585 ‚
961 3525 1105 3571 cum
1164 3505 1230 3570 in
1292 3505 1560 3571 hebraeo
1620 3504 1821 3571 multo
1882 3505 2069 3571 aliter
2126 3505 2377 3590 legatur
2464 3511 2520 3570 et
2574 3508 2859 3571 adorauit

629 3610 836 3694 inquit
867 3613 1103 3675 Israhel
1146 3611 1225 3675 ad
1265 3615 1442 3695 eaput
1494 3613 1735 3674 lectuli:
1781 3609 1946 3692 quod
2005 3608 2275 3687 scilicet,
2316 3611 2648 3694 postquam
2678 3610 2852 3676 iura-
2890 3628 2967 3683 30

629 3716 796 3782 uerit
851 3715 909 3780 ei
961 3714 1158 3792 filius,
1221 3732 1476 3779 securus
1523 3714 1599 3779 de
1643 3714 1969 3798 petitione,
2032 3732 2218 3797 quam
2263 3716 2627 3796 regenerat,
2697 3712 2856 3779 ado-

630 3820 790 3885 rarit
833 3817 1018 3883 deum
1065 3820 1285 3884 contra
1329 3819 1519 3902 caput
1561 3816 1781 3883 lectuli
1837 3818 1953 3883 sui.
2052 3818 2307 3882 sanctus
2354 3816 2577 3900 quippe
2624 3819 2688 3881 et
2732 3818 2855 3884 deo

633 3922 880 3990 deditus
931 3923 1030 3987 uir
1071 3939 1404 4008 oppressus
1465 3923 1791 3987 senectute
1849 3922 1939 3986 sic
1994 3921 2271 3987 habebat
2320 3919 2626 3985 lectulum
2680 3923 2856 4003 posi-

773 4071 810 4125 4
846 4074 944 4121 Act
980 4073 1028 4134 7,
1072 4069 1140 4124 14
1169 4069 1179 4138 ι
1211 4069 1278 4123 18
1316 4071 1426 4120 een
1460 4070 1547 4134 46,
1582 4067 1655 4123 28
1684 4068 1693 4137 ι
1724 4066 1793 4123 22
1830 4068 1939 4119 een
1973 4068 2061 4131 47,
2100 4069 2165 4122 11
2198 4066 2207 4136 ι
2238 4066 2307 4123 25
2344 4068 2453 4117 een
2482 4067 2571 4132 47,
2606 4068 2707 4121 31·

780 4188 808 4241 1
847 4188 1172 4260 προλημψιν
1210 4196 1256 4235 et
1295 4189 1615 4237 berolinensis
1652 4195 1697 4235 et
1722 4184 2056 4251 frisinyemis
2092 4188 2279 4235 indicat
2312 4185 2320 4249 Ι
2350 4183 2385 4235 3
2416 4189 2756 4234 memorarunt
2781 4186 2857 4255 φΙ

637 4277 673 4332 4
709 4274 1030 4342 contentione
1065 4290 1110 4341 φ
1156 4270 1163 4339 Ι
1209 4273 1242 4325 6
1279 4273 1560 4324 excussatio
1598 4290 1642 4341 φ
1707 4270 1716 4339 Ι
1764 4272 1798 4324 8
1833 4271 2097 4321 aduersum
2130 4288 2175 4339 φ
2240 4270 2247 4337 Ι
2316 4271 2369 4351 9·
2388 4270 2667 4333 gentilibus
2702 4277 2762 4339 β,
2803 4273 2865 4325 111

635 4361 871 4426 gentibus
907 4376 952 4429 φ
983 4358 992 4425 Ι
1026 4358 1093 4411 12
1129 4358 1389 4409 dicebatur
1421 4364 1459 4426 β
1489 4360 1498 4427 Ι
1532 4359 1599 4413 14
1628 4360 1906 4423 loquuntur
1940 4374 1985 4427 φ
2016 4357 2025 4425 Ι
2056 4357 2125 4411 20
2158 4355 2225 4411 21
2261 4371 2417 4422 gosen
2448 4360 2532 4427 βφ
