3169 4941
527 449 565 506 8
1479 442 1709 500 Genesis
1743 443 1796 500 2.

529 604 719 692 ξύλον
763 604 1002 696 ὡραῖον
1046 603 1143 687 εἷς
1185 604 1412 696 ὅρασιν
1453 605 1566 673 καὶ
1604 605 1805 673 καλὸν
1846 601 1943 683 εἷς
1979 604 2237 692 βρῶσινζ
2278 602 2393 670 καὶ
2450 601 2527 671 τὸ
2572 597 2756 685 ξύλον
2790 621 2819 668 1

527 720 648 803 τῆς
694 713 854 801 ζωῆς
899 711 968 780 ἐν
1009 711 1191 799 μέσῳ
1231 719 1348 778 τοῦ
1388 707 1796 798 παραδείσου
1838 707 1949 776 καὶ
1990 707 2069 774 τὸ
2112 703 2304 788 ξύλον
2346 715 2463 774 τοῦ
2517 705 2757 774 εἰδέναι

530 814 813 903 γνωστὸν
875 819 1071 883 καλοῦ
1123 813 1234 882 καὶ
1279 818 1582 904 πονηροῦ.
1673 818 1731 857 ²⁰
1746 811 2044 897 ποταμὸς
2096 811 2170 880 δὲ
2222 808 2642 901 ἐκπορεύεται
2686 808 2760 893 ἐξ

524 913 716 1005 'msa
759 917 1051 1002 ποτίζειν
1094 919 1208 987 τὸν
1254 917 1654 1008 παράδεισον
1669 941 1684 956 ·
1744 917 2003 984 ἐκεῖθεν
2042 912 2428 1006 ἀφορίζεται
2474 913 2569 995 εἷς
2607 913 2755 983 τέσ-

533 1045 740 1112 σαρας
772 1015 985 1112 ἀρχάς.
1043 1028 1102 1067 ¹²
1117 1020 1318 1107 ὄνομα
1358 1026 1455 1110 τῷ
1491 1018 1590 1090 ἑνὶ
1639 1025 1861 1088 Φισῶν
1875 1043 1891 1059 ·
1937 1013 2122 1099 οὗτος
2166 1018 2203 1087 ὃ
2246 1023 2489 1088 κυκλῶν
2531 1024 2758 1087 πᾶσαν
2788 1045 2819 1092 ὅ

531 1125 646 1216 τὴν
690 1128 802 1215 γῆν
840 1122 1114 1209 Εὖιλάτ,
1163 1124 1298 1192 ἐκεῖ
1340 1117 1416 1192 οὗ
1445 1123 1589 1192 ἐστὶ
1618 1124 1695 1193 τὸ
1721 1121 1983 1213 χρυσίον
2035 1127 2095 1166 ²²
2125 1124 2226 1212 (τὸ
2258 1122 2329 1190 δὲ
2355 1120 2615 1213 χρυσίον
2642 1130 2759 1212 τῆς

531 1233 645 1320 γῆς
687 1226 934 1318 ἐκείνης
974 1228 1224 1316 καλόν)·
1283 1227 1397 1295 καὶ
1442 1228 1572 1296 ἐκεῖ
1617 1226 1797 1297 ἐστὶν
1841 1225 1878 1294 ὃ
1922 1225 2183 1317 ἄνθραξ
2216 1227 2327 1294 καὶ
2388 1224 2425 1294 ὁ
2485 1225 2685 1305 λίθος
2721 1223 2757 1294 ὁ

533 1328 865 1422 πράσινος.
932 1336 991 1377 ¹³
1003 1331 1114 1400 καὶ
1155 1329 1358 1418 ὄνομα
1400 1337 1496 1422 τῷ
1537 1338 1819 1421 ποταμῷ
1864 1337 1960 1421 τῷ
2002 1331 2278 1421 δευτέρῳ
2322 1336 2499 1398 Γεῶν
2514 1354 2527 1368 ·
2572 1323 2758 1410 οὗτος

533 1435 572 1505 ὅ
617 1438 865 1504 κυκλῶν
923 1444 1147 1504 πᾶσαν
1202 1437 1320 1527 τὴν
1373 1443 1491 1528 γῆν
1547 1434 1958 1516 Αἰθιοπίας.
2030 1437 2215 1503 ι4)εαὶ
2274 1433 2311 1504 ὂ
2368 1433 2665 1519 ποταμὸς
2718 1431 2755 1502 ὃ
2862 1477 2866 1481 -

531 1538 752 1629 τρίτος
799 1537 1018 1631 Τίγρις
1033 1563 1050 1580 ·
1096 1534 1286 1621 οὗτος
1331 1538 1368 1610 ὃ
1411 1537 1981 1631 προπορευόμενος
2018 1538 2360 1608 κατέναντι
2384 1532 2755 1628 Ἀσσυρίων.
2794 1556 2859 1602 10

533 1641 570 1712 ὁ
611 1645 686 1713 δὲ
729 1647 1036 1731 ποταμὸς
1091 1643 1128 1716 ὃ
1185 1645 1493 1733 τέταρτος
1533 1641 1887 1735 Εὐφράτης.
1968 1649 2028 1688 ¹⁵
2042 1644 2157 1712 καὶ
2214 1641 2407 1728 ἔλαβε
2462 1642 2679 1732 κύριος
2722 1639 2759 1710 ὃ

534 1749 698 1829 θεὸς
724 1750 839 1818 τὸν
866 1747 1226 1840 ὄνθρωπον
1237 1805 1253 1835 ,
1303 1745 1376 1818 ὃν
1408 1748 1683 1835 ἔπλασε,
1731 1750 1839 1817 καὶ
1877 1747 2077 1817 ἔθετο
2108 1742 2297 1816 αὐτὸν
2325 1747 2391 1816 ἐν
2417 1755 2511 1838 τῷ
2541 1773 2760 1837 παρα-

533 1849 731 1941 δείσῳ
780 1859 896 1944 τῆς
947 1861 1190 1944 τρυφῆς
1204 1908 1220 1938 ,
1251 1837 1677 1942 ’ἐργάζεσθαι
1730 1850 1918 1920 αὐτὸν
1971 1851 2081 1918 καί
2140 1848 2512 1940 φυλάσσειν.
2578 1856 2640 1896 ²⁶
2652 1851 2761 1918 καὶ

534 1951 889 2024 ἐνετείλατο
933 1952 1153 2046 κύριος
1197 1955 1234 2024 ὁ
1276 1956 1439 2036 θεὸς
1479 1959 1574 2044 τῷ
1598 1953 1811 2040 ’Λδὰμ
1849 1954 2048 2042 λέγων
2066 1947 2245 2022 ,Ἀπὸ
2286 1955 2535 2035 παντὸς
2578 1951 2761 2038 ξύλου

531 2065 648 2127 τοῦ
691 2059 778 2136 ἐν,
802 2066 902 2149 τῷ
942 2057 1325 2151 παραδείσῳ
1366 2056 1610 2149 βρώσει
1640 2063 1843 2150 φαγῇ,
1897 2056 2107 2127 ι”ἀπὸ
2146 2059 2219 2127 δὲ
2260 2063 2376 2127 τοῦ
2419 2059 2605 2140 ξύλου
2642 2066 2758 2127 τοῢ
2796 2079 2861 2126 15

667 2297 705 2351 2
753 2313 825 2368 εμ
854 2296 948 2351 AE'
991 2295 1000 2366 Ι
1053 2295 1090 2350 2
1127 2315 1225 2351 του
1262 2298 1611 2372 παραδεισου
1655 2297 1869 2361 abcmz,
1909 2316 1986 2350 τω
2027 2297 2355 2371 παραδεισω
2400 2296 2494 2352 ΑΕ
2525 2297 2533 2367 Ι
2564 2299 2600 2353 4
2636 2302 2763 2368 post

533 2385 860 2458 αφοριζεται
880 2384 947 2452 -Ι-
977 2403 1072 2438 και
1107 2399 1324 2454 γινεται
1359 2385 1471 2438 mt.
1515 2399 1543 2437 ι·
1565 2391 1636 2426 ¹¹¹8
1657 2401 1871 2454 γινεται
1904 2383 1913 2453 Ι
1942 2383 1979 2436 4
2008 2384 2145 2456 εδεμ
2179 2380 2507 2449 AEabmrtz‚
2544 2386 2671 2440 εδεν
2692 2402 2723 2440 ο
2749 2385 2757 2450 Ι
2868 2433 2879 2450 ,

531 2469 570 2526 4
603 2469 922 2543 παραδισον
958 2469 1008 2525 A
1051 2472 1060 2539 Ι
1105 2472 1141 2527 5
1177 2486 1393 2543 φεισων
1425 2470 1587 2527 Amtz
1615 2512 1628 2525 .
1660 2472 1721 2526 in
1757 2470 2002 2542 margine
2042 2488 2070 2525 ι·
2116 2469 2273 2526 adsor
2306 2469 2376 2526 ad
2418 2487 2603 2545 φισων
2634 2472 2763 2528 hinc

530 2550 715 2628 στόμᾶ
751 2575 815 2611 το
851 2553 1035 2631 κόρης,
1072 2556 1226 2612 imno
1261 2557 1448 2631 φισών
1490 2558 1594 2628 [δὲ]
1634 2561 1851 2628 λέγεται
1876 2559 1907 2611 ὁ
1930 2563 2034 2612 νῦν
2064 2556 2405 2630 καλούμενος
2428 2559 2755 2631 δανουβιοςΙ

531 2643 566 2697 6
593 2645 808 2697 ευειλατ
831 2641 898 2697 Α.
940 2642 1010 2698 ad
1047 2646 1232 2697 ευιλατ
1267 2642 1425 2699 adnm·
1447 2660 1532 2698 mr
1568 2644 1751 2711 ινδικη
1788 2663 1942 2719 χωρα
1972 2644 1983 2715 Ι
2012 2646 2046 2699 6
2072 2661 2183 2698 εκει
2208 2664 2273 2697 ου
2300 2660 2415 2698 εστι
2440 2662 2503 2697 το
2523 2660 2764 2717 χρυσίον

531 2736 648 2787 >r
678 2729 688 2798 Ι
719 2730 754 2783 6
778 2718 847 2782 οἶ
866 2728 920 2795 b,
942 2719 1082 2794 δυο,
1119 2727 1272 2795 ουΑ,
1301 2748 1401 2784 ουν
1422 2730 1750 2795 Eatz,>m
1781 2730 1791 2801 Ι
1821 2732 1853 2785 6
1877 2745 2028 2785 εστιν
2051 2730 2142 2785 AE
2174 2732 2182 2801 Ι
2214 2734 2333 2787 6το
2360 2730 2763 2798 dsAEabmrtz,

535 2834 631 2869 και
664 2834 731 2868 το
766 2831 796 2869 ο
847 2814 858 2885 Ι
911 2818 945 2870 7
984 2836 1077 2869 και
1112 2817 1264 2886 prius
1298 2826 1366 2876 >
1405 2832 1465 2871 oz
1496 2815 1505 2888 Ι
1554 2817 1685 2871 7‘in
1714 2817 1962 2885 margine
1997 2834 2026 2871 1·
2074 2817 2146 2872 ad
2193 2821 2417 2889 αυθραξ
2450 2818 2609 2873 adser
2658 2818 2761 2873 ἆκυ

531 2902 794 2971 βδελλιον
818 2905 914 2955 καὶ
937 2902 1063 2957 ἄντι
1087 2910 1364 2977 πρασίνου
1390 2900 1524 2965 ὄνυξ
1547 2907 1820 2977 αντίθραξ
1832 2900 2130 2972 χάσματα·
2155 2901 2191 2971 ἢ
2215 2900 2440 2973 ἐκχύτης
2460 2903 2495 2972 ἢ
2520 2909 2724 2971 στῆθος
2749 2904 2759 2976 Ι

535 2989 570 3045 8
599 2989 718 3045 Ιοοο
737 2989 964 3045 alterius
999 3008 1077 3059 τῳ
1113 3007 1170 3045 m
1201 3008 1263 3044 το
1294 2990 1305 3060 Ι
1335 2989 1370 3045 8
1405 3007 1587 3060 γαιων
1610 2990 1693 3043 mt
1715 3029 1727 3043 .
1765 2990 1847 3044 ita
1881 2988 1950 3045 ab
1976 2990 2179 3045 editore
2204 2990 2390 3045 futuro
2424 2989 2762 3046 scribendum

533 3075 664 3129 erit.
689 3093 845 3145 γηων
866 3076 966 3139 Er,
1003 3092 1108 3145 quo
1135 3076 1504 3146 pronuntiatio
1531 3078 1920 3131 masoressarum
1944 3076 2111 3146 gihon
2135 3076 2422 3131 indicatur.
2464 3075 2510 3131 A
2528 3093 2638 3132 non
2656 3077 2759 3132 du-

531 3161 646 3216 bito
684 3176 807 3216 oum
838 3161 874 3217 b
915 3162 1248 3217 consensisse
1278 3164 1288 3233 Ι
1319 3164 1353 3218 9
1373 3163 1431 3217 in
1464 3162 1844 3217 commentarit)
1874 3179 1902 3216 r
1934 3162 2243 3216 Ἀιθιοπια·
2283 3162 2400 3230 ἥτις
2424 3164 2575 3218 ἐστὶν
2600 3164 2763 3238 ἑβρα-

531 3250 649 3301 ϊστὶ
663 3252 804 3318 χοῦς
819 3264 831 3279 ·
856 3254 1115 3319 σημαίνει
1140 3247 1413 3303 σκότωσιν
1431 3266 1444 3280 ·
1474 3248 1591 3303 άπὸ
1612 3253 1711 3303 τοῦ
1726 3244 1829 3303 οὖν
1865 3248 1989 3318 [sic]
2020 3252 2112 3315 τῆς
2130 3250 2429 3308 αῐθιοπίας
2474 3254 2764 3307 τουτέστιν

513 3332 650 3388 ἀπὸ
699 3338 799 3387 τοῦ
858 3338 993 3394 κοῦς
1043 3335 1108 3389 τὸ
1146 3333 1344 3410 κύριον
1375 3333 1563 3408 ὄνομα
1612 3340 1711 3389 τοῦ
1758 3337 1883 3388 υἱοῦ
1925 3333 2070 3405 χὰμ.
2132 3337 2261 3387 υἱοῦ
2308 3340 2442 3404 νῶε,
2501 3339 2761 3404 κέκληται

523 3424 670 3490 χοῦς
694 3460 707 3475 .
759 3418 856 3475 διὰ
899 3419 962 3474 τὸ
1011 3422 1282 3481 σκοτῶδες
1324 3426 1418 3489 τῆς
1457 3428 1652 3497 χρείας
1698 3422 1807 3492 [scr
1833 3422 2091 3491 χροίας],
2142 3410 2204 3488 ἧς
2244 3421 2373 3490 ἔσχε
2424 3420 2581 3495 παρὰ
2635 3422 2763 3484 τοὺς

531 3506 762 3567 λοιποὺς
823 3506 1105 3579 ἀδελφούς
1131 3548 1143 3561 .
1170 3506 1315 3563 idem
1369 3507 1440 3562 ad
1502 3506 1635 3563 haec
1671 3506 1930 3563 adscribit
1962 3506 2020 3561 in
2055 3506 2300 3577 margine
2330 3505 2457 3561 οὕτε
2489 3528 2532 3578 χ
2566 3507 2690 3563 οὔτε
2730 3526 2763 3560 κ

535 3595 674 3646 αλλα
709 3596 892 3666 μέσον
927 3600 1039 3649 τῶν
1075 3593 1178 3650 δύο
1203 3635 1216 3648 .
1250 3601 1534 3666 στοιχεῖον
1582 3596 1651 3649 δέ
1698 3596 1849 3650 ἐστιν
1896 3593 2173 3670 ἁρμόττον
2210 3591 2525 3669 [ἁρμόττων
2558 3595 2760 3667 fuerat]

533 3682 598 3746 τῆ
638 3683 748 3732 τῶν
783 3680 1020 3755 ἑβραίων
1053 3684 1148 3735 καὶ
1186 3678 1368 3755 σύρων
1401 3685 1612 3752 γλωττη
1666 3681 1677 3751 Ι
1737 3684 1804 3737 10
1833 3700 2023 3757 τιγρης
2056 3685 2165 3737 mtz
2206 3684 2217 3753 Ι
2257 3683 2326 3737 10
2355 3686 2481 3750 post
2514 3702 2670 3743 ουτος
2694 3684 2761 3752 -Ι-

536 3784 568 3817 ο
601 3782 864 3834 ποταμός
901 3766 946 3820 Ε
977 3766 988 3837 Ι
1022 3768 1088 3822 10
1122 3784 1646 3840 προπορευομενος
1685 3768 1782 3834 ab,
1849 3786 2235 3843 πορευομενοι·
2276 3768 2539 3824 AEcmrtz
2569 3771 2579 3840 Ι
2612 3770 2680 3825 10
2702 3770 2763 3826 in

533 3866 814 3926 ασσυριωυ
859 3854 988 3923 post
1021 3868 1058 3906 σ
1091 3854 1243 3923 prius
1289 3854 1450 3909 litera
1495 3870 1606 3909 una
1647 3853 1884 3910 radendo
1931 3853 2111 3910 deleta
2156 3855 2213 3909 in
2251 3872 2306 3907 m
2322 3896 2335 3918 ,
2398 3871 2640 3931 ασυριων
2672 3859 2701 3910 t
2750 3857 2757 3926 Ι

537 3938 601 3993 11
620 3942 750 4009 post
778 3954 1033 4015 τεταρτος
1050 3941 1117 4009 -Ι-
1138 3960 1300 3999 ουτος
1317 3939 1552 3995 AEcmtz
1566 3981 1580 4005 ,
1620 3939 1764 4010 quod
1786 3957 1895 3995 non
1919 3940 2123 3996 habent
2141 3940 2239 3995 abr
2268 3942 2277 4009 Ι
2311 3941 2374 3996 11
2396 3941 2467 3995 ad
2490 3959 2763 4015 ευφρατης

533 4024 690 4080 sdsor
725 4032 1081 4102 καρποφορία
1117 4026 1176 4082 in
1211 4026 1457 4095 margine
1490 4044 1520 4081 ι·
1565 4027 1574 4097 Ι
1608 4030 1673 4082 11
1696 4031 1889 4097 ελαβεν
1925 4027 2127 4091 mort,
2174 4028 2269 4082 sed
2302 4028 2360 4081 in
2393 4030 2421 4081 t
2456 4046 2490 4082 ν
2524 4026 2761 4082 radendo

531 4109 772 4167 deletum
825 4114 834 4182 Ι
890 4113 958 4167 12
992 4116 1233 4167 επλασεν
1269 4113 1420 4177 Eort,
1470 4111 1567 4167 sed
1602 4112 1662 4166 in
1695 4114 1723 4168 t
1756 4132 1791 4167 ν
1834 4113 2071 4168 radendo
2114 4112 2352 4169 deletum
2370 4154 2383 4167 .
2432 4113 2549 4167 ueri
2586 4114 2761 4169 simile

531 4196 748 4253 uidetur
785 4198 950 4255 etiam
984 4199 1034 4254 A
1069 4204 1313 4255 επλασεν
1357 4199 1556 4254 habere
1591 4199 1965 4269 Baberumque
1992 4206 2020 4213 “
2045 4202 2172 4270 post
2219 4205 2426 4254 επλασε
2462 4201 2761 4269 praeterui-

534 4282 678 4339 disse
743 4285 752 4356 Ι
820 4286 888 4340 12
929 4305 1096 4340 αυτον
1129 4297 1200 4348 >
1234 4305 1262 4340 z
1330 4287 1339 4357 Ι
1410 4287 1568 4355 12113
1605 4304 1666 4340 εν
1700 4288 2027 4359 παραδεισω
2075 4305 2169 4355 της
2209 4291 2378 4354 αλσης
2409 4280 2761 4357 Symmachus

531 4370 673 4426 teste
722 4370 756 4426 b
825 4373 836 4441 Ι
881 4372 950 4426 18
997 4390 1092 4439 της
1126 4391 1333 4447 τρυφης
1375 4383 1443 4434 >
1475 4372 1607 4427 AEa.
1666 4373 1676 4443 Ι
1726 4374 1793 4428 13
1828 4374 1955 4441 post
2006 4376 2319 4445 φυλασσειν
2365 4375 2433 4445 -Ι-
2472 4392 2639 4428 αυτον
2670 4389 2699 4428 1·
2751 4373 2760 4445 Ι

533 4454 602 4511 15
635 4464 838 4533 βρωσει
869 4467 940 4518 >
973 4472 1032 4511 m
