3169 4941
539 416 639 470 126
1467 412 1693 470 Genesis
1730 414 1817 469 31.

536 576 645 661 οὐχ
683 570 857 665 εὗρεν
875 600 890 616 ·
935 574 1204 667 εἰσῆλθε
1242 575 1316 643 δὲ
1359 576 1470 643 καὶ
1513 575 1607 657 εἷς
1646 577 1759 644 τὸν
1802 570 1983 644 οἶκον
2021 572 2265 667 Ῥαχήλ.
2350 574 2647 668 34Ῥαχὴλ
2688 578 2764 645 δέ
2803 598 2828 642 1

534 680 726 769 ἔλαβε
767 682 851 749 τὰ
888 678 1124 749 εἴδωλα
1168 682 1282 748 καὶ·
1324 680 1620 767 ἐνέβαλεν
1663 674 1825 748 αὐτὰ
1882 680 1977 761 εἷς
2022 682 2105 748 τὰ
2145 677 2445 769 σάγματα
2488 690 2605 773 τῆς
2646 708 2762 749 κα-

533 782 734 875 μήλου
787 786 899 853 καὶ
945 781 1347 852 ἐπεκάθισεν
1401 779 1649 867 αὐτοῖς,
1733 790 1795 828 ⁵⁵
1809 784 1917 853 καὶ
1968 780 2119 853 εἷπε
2172 793 2267 875 τῷ
2321 786 2529 874 πατρὶ
2572 784 2765 877 αὐτῆς

533 892 652 981 Μὴ
695 888 948 979 βαρέως
989 887 1174 978 φέρε,
1221 885 1394 979 κύριε
1408 942 1424 973 ,
1469 887 1544 957 οὗ
1592 885 1867 974 δύναμαι
1912 883 2265 979 ἀναστῆναι
2312 886 2595 959 ἐνώπιόν
2626 912 2762 971 σου,

534 994 637 1061 ὅτι
681 992 765 1060 τὰ
803 990 939 1059 κατ’
987 991 1270 1078 ἐθισμὸν
1315 1000 1446 1060 τῶν
1492 998 1806 1079 γυναικῶν
1847 1018 1961 1078 μοι
2004 991 2202 1061 ἐστίν.
2268 987 2564 1084 ἠρεύνησε
2608 994 2762 1061 Ao}-
2798 1014 2829 1059 5

532 1104 658 1182 βαν
701 1097 772 1163 ἐν
807 1096 941 1185 ὅλῳ
983 1103 1079 1186 τῷ
1122 1093 1314 1185 οἴκῳ,
1374 1097 1488 1163 καὶ
1547 1092 1662 1180 οὐχ
1724 1088 1863 1187 εὗρε
1916 1097 1999 1164 τὰ
2037 1094 2290 1165 εἴδωλα.
2388 1102 2447 1141 ⁸⁶
2464 1096 2762 1189 ὠργίσθη

533 1203 607 1270 δὲ
645 1196 888 1288 Ἰακὼβ
930 1200 1044 1268 καὶ
1087 1200 1446 1287 ἐμαχέσατο
1489 1210 1584 1291 τῷ
1630 1200 1877 1289 Λάβαν
1892 1222 1905 1238 ·
1969 1194 2365 1291 ἀποκριθεὶς
2418 1202 2493 1270 δὲ
2528 1200 2765 1289 Ἰακὼβ

533 1300 684 1375 εἷπε
737 1309 832 1394 τῷ
872 1302 1116 1392 Λάβαν
1163 1304 1250 1373 Τι’
1301 1306 1380 1373 τὸ
1440 1302 1722 1396 ἀδίκημά
1777 1332 1932 1391 μους
1998 1306 2108 1373 καὶ
2162 1303 2231 1373 τί
2282 1306 2360 1373 τὸ
2417 1301 2761 1397 ἁμάρτημά

531 1436 686 1497 μου,
737 1410 839 1478 ὅτι
882 1408 1274 1492 κατεδίωξας
1315 1404 1541 1477 ὀπίσω
1579 1436 1704 1495 μου
1782 1414 1845 1453 ⁸³³
1859 1410 1971 1477 καὶ
2012 1408 2117 1479 ὅτι
2156 1408 2511 1501 ἠρεύνησας
2542 1407 2761 1477 πάντα

531 1516 616 1582 τὰ
657 1512 850 1605 σκεύη
892 1518 1008 1582 τοῦ
1051 1510 1234 1582 οἴκου
1275 1539 1435 1599 μου,·
1499 1511 1567 1581 τί
1611 1505 1789 1602 εὗρες
1828 1508 1969 1582 ἀπὸ
2016 1510 2284 1581 πάντων
2337 1522 2466 1581 τῶν
2514 1520 2758 1581 σκευῶν
2801 1531 2865 1575 10

531 1625 651 1687 τοῦ
697 1615 879 1687 οἴκου
923 1641 1073 1702 σου,·
1143 1618 1269 1699 θὲς
1307 1612 1432 1685 ὦδε
1479 1614 1760 1685 ἐνώπιον
1795 1624 1925 1685 τῶν
1968 1610 2269 1708 ἀδελφῶν
2313 1641 2431 1686 σου
2473 1619 2586 1686 καὶ
2629 1626 2760 1685 τῶν

533 1721 829 1813 ἀδελφῶν
883 1748 1034 1808 μου,
1113 1721 1227 1789 καὶ
1285 1721 1725 1809 ἐλεγξάτωσαν
1781 1715 1901 1789 ἆνά
1960 1722 2159 1807 μέσον
2218 1726 2348 1789 τῶν
2402 1718 2517 1790 δύο
2567 1719 2758 1813 ἡμῶν.

541 1826 818 1894 88ταῢτοὶ
853 1852 967 1911 μοι
1009 1823 1220 1894 είκοσι
1263 1822 1375 1915 ἔτη
1413 1822 1540 1913 ἐγώ
1581 1822 1717 1911 εἰμι
1758 1826 1923 1911 μετὰ
1964 1830 2113 1893 σοῦ·
2156 1826 2240 1893 τὰ
2288 1824 2595 1914 πρόβατά
2643 1846 2760 1893 σου

535 1932 647 1998 καὶ
704 1958 772 1998 αι
819 1925 999 2018 αἶγές
1061 1952 1178 1997 σου
1232 1922 1345 1997 οὐκ
1396 1923 1889 2020 ἦτεκνώθησαν·
1966 1930 2180 2019 κριοὺς
2239 1937 2371 1997 τῶν
2410 1924 2759 2019 προβάτων

534 2060 654 2104 σου
721 2061 796 2103 ου
874 2034 1256 2124 κατέφαγον.
1363 2037 1424 2077 ³⁹
1442 2030 1851 2125 θηριαλωτον
1915 2028 2028 2101 οὐκ
2091 2030 2352 2123 ἐνήνοχα
2420 2056 2558 2101 σοι·
2634 2032 2757 2120 ἐγώ
2798 2054 2863 2099 15

533 2134 917 2207 απετίννυον
981 2130 1133 2227 παρ’
1206 2138 1485 2225 ἐμαυτοῦ
1544 2138 1881 2223 κλέμματα
1940 2136 2179 2229 ἡμέρας
2243 2137 2357 2205 καὶ
2420 2134 2757 2223 κλέμματα

535 2363 600 2431 -Ι-
643 2378 746 2431 ουχ
779 2378 936 2434 ευρεν
971 2360 1016 2415 Ε
1088 2363 1097 2427 Ι
1168 2362 1234 2417 13
1273 2362 1397 2429 post
1430 2361 1748 2415 παιδισκων
1779 2361 1844 2429 -Ι-
1893 2375 2163 2433 ηρευνησε
2197 2376 2228 2413 z
2292 2360 2303 2428 Ι
2365 2358 2485 2429 13s1
2523 2376 2617 2413 και
2654 2376 2759 2428 ουχ

535 2466 692 2522 ευρεν
731 2457 799 2507 >
829 2448 874 2502 Ε

675 2536 703 2589 1
746 2553 869 2608 ευρε
904 2538 1026 2590 mt⁹
1055 2536 1064 2603 Ι
1107 2537 1135 2592 1
1174 2539 1433 2604 εισηλθεν
1466 2534 1684 2599 ADEF,
1738 2554 1831 2588 και
1876 2538 2137 2600 εισηλθεν
2172 2533 2371 2589 omisso
2413 2535 2477 2587 δε
2512 2533 2760 2604 sequenti

532 2624 614 2676 mt
643 2624 652 2688 Ι
685 2626 716 2678 1
759 2639 852 2674 και
895 2632 964 2681 >
999 2623 1127 2676 Emt
1157 2625 1166 2688 Ι
1197 2626 1225 2679 1
1267 2640 1427 2675 οικον
1460 2632 1529 2681 >
1565 2623 1611 2675 F
1642 2622 1649 2690 Ι
1680 2623 1717 2675 2
1756 2625 1951 2688 ελαβεν
1987 2621 2240 2676 ADEFt1
2270 2622 2279 2691 Ι
2311 2621 2398 2692 213
2432 2639 2543 2675 των
2576 2641 2758 2691 καμη-

535 2712 644 2763 λων
679 2711 760 2762 mt
811 2708 820 2778 Ι
871 2712 910 2765 3
944 2715 1308 2763 επεκαθεισεν
1344 2708 1466 2772 AF,
1510 2714 1861 2775 επεκαθησεν
1892 2723 1949 2761 m
2012 2709 2020 2776 Ι
2086 2711 2121 2763 3
2154 2728 2250 2762 και
2289 2709 2520 2764 alterum
2554 2717 2621 2768 >
2660 2707 2705 2761 Ε
2744 2707 2753 2778 Ι

531 2781 761 2848 3ἐιπεν
793 2794 893 2849 AD
933 2795 1018 2864 [ut
1051 2795 1290 2865 uidetur]
1335 2796 1464 2858 Ft1‚
1507 2812 1664 2848 ειπεν
1704 2795 1767 2847 δε
1802 2794 1846 2847 Ε
1902 2796 1909 2862 Ι
1964 2795 2001 2848 4
2038 2796 2165 2864 post
2206 2805 2359 2869 κυριε
2396 2797 2461 2863 -Ι-
2498 2813 2610 2865 μου
2646 2810 2701 2847 m
2743 2793 2751 2863 Ι

531 2881 568 2936 4
623 2883 838 2953 δυναμε
887 2882 931 2935 Ε
950 2887 968 2918 ¹
1035 2882 1216 2951 [super
1261 2898 1478 2935 uersum
1539 2882 1625 2936 est
1684 2879 2051 2952 emendatum]
2106 2897 2190 2934 mz
2214 2919 2229 2934 .
2291 2881 2608 2952 δυνησομαι
2652 2896 2682 2934 e
2744 2880 2752 2946 Ι

531 2970 568 3024 5
601 2987 669 3022 τα
705 2979 775 3028 >
809 2984 883 3032 m,
921 2989 983 3022 το
1019 2971 1114 3037 airy
1144 2972 1152 3035 Ι
1185 2969 1218 3022 5
1257 2975 1370 3020 καθ
1405 2967 1478 3030 A,
1513 2987 1613 3021 κατ
1650 2967 1991 3021 emendatum
2026 2983 2191 3022 manu
2222 2966 2457 3021 secunda
2486 2967 2493 3035 Ι
2540 2966 2573 3020 5
2599 2971 2753 3020 ac&-

531 3069 680 3127 σμον
715 3071 746 3108 z
799 3055 809 3123 Ι
864 3055 896 3108 5
936 3073 1242 3124 γυναικιων
1275 3053 1323 3108 Α
1349 3054 1509 3123 [D²
1533 3053 1592 3124 b]
1618 3055 1760 3118 ER,
1796 3072 2128 3123 γυναικειων
2164 3070 2247 3109 cm
2302 3055 2311 3123 Ι
2366 3057 2400 3111 5
2432 3073 2535 3124 μοι
2572 3052 2753 3124 abcyz,

531 3162 650 3213 μου
685 3141 934 3206 AEFmt,
967 3160 1095 3213 μων
1127 3141 1176 3194 D
1199 3139 1314 3210 [on]
1348 3144 1356 3206 Ι
1389 3141 1420 3194 5
1456 3157 1756 3212 ηρει·νησεν
1790 3139 2017 3204 ΑΒΕΕῙ,
2054 3156 2364 3212 ηραυνησεν
2400 3141 2446 3194 Ε
2476 3139 2487 3209 Ι
2516 3139 2603 3210 516
2626 3143 2755 3194 ante

533 3230 709 3296 λαβαν
747 3229 812 3295 -Ι-
852 3228 915 3282 δε
951 3227 1280 3282 ADEFomtz
1311 3227 1322 3298 Ι
1353 3229 1440 3296 516
1473 3230 1602 3297 post
1636 3231 1811 3296 λαβαν
1848 3229 1913 3296 -Ι-
1952 3245 2192 3280 ενωπιον
2230 3245 2399 3279 αυτου
2436 3243 2465 3280 c
2496 3229 2505 3292 Ι
2536 3229 2571 3281 6
2596 3244 2754 3300 ευρεν

532 3315 785 3370 ADEFv
816 3317 824 3386 Ι
856 3317 889 3371 6
924 3313 992 3370 ab
1023 3320 1274 3388 ωργισθη
1311 3329 1482 3385 usque
1523 3317 1594 3369 ad
1630 3329 1838 3369 comma
1872 3316 1941 3370 38
1978 3321 2047 3373 >
2081 3314 2133 3367 D
2166 3315 2283 3381 [GR]
2318 3314 2326 3380 Ι
2360 3315 2391 3368 7
2433 3327 2750 3383 εμαχησατο

533 3419 567 3458 a
603 3403 748 3474 [γε
767 3403 826 3467 b,
864 3401 960 3457 sed
999 3419 1023 3457 ε
1057 3404 1138 3458 ita
1172 3403 1462 3472 scriptum5
1494 3404 1561 3456 ut
1596 3401 1663 3456 ab
1693 3402 2023 3471 imperitiore
2057 3401 2231 3470 possit
2264 3421 2297 3467 η
2335 3400 2470 3469 legi]
2506 3415 2537 3454 z
2568 3401 2576 3464 Ι
2608 3400 2640 3452 7
2675 3419 2752 3469 τῳ

532 3503 600 3554 >
637 3509 720 3556 az,
757 3491 922 3546 habet
954 3509 990 3562 y
1057 3494 1066 3558 Ι
1134 3489 1221 3558 7l8
1261 3495 1593 3562 αποκριθεις
1636 3490 1703 3543 δε
1740 3495 1915 3556 ιακωβ
1952 3505 2077 3541 ειπε
2110 3507 2187 3540 τω
2223 3489 2399 3555 λαβαν
2435 3495 2503 3545 >
2532 3487 2633 3550 ΕΖ,
2692 3487 2751 3540 in

531 3593 715 3634 eorum
747 3581 863 3634 loco
899 3595 930 3634 z
967 3598 1060 3632 και
1097 3596 1258 3633 ειπεν
1295 3581 1441 3630 αυτῶ
1475 3577 1484 3644 Ι
1527 3578 1559 3630 7
1597 3596 1690 3629 και.
1720 3581 2055 3650 αποκριθεις
2087 3573 2285 3651 omiss-o
2328 3573 2390 3626 δε
2424 3587 2455 3626 c
2484 3576 2494 3640 Ι
2524 3573 2561 3626 8
2594 3590 2754 3626 &mv

532 3666 688 3721 AFt¹
731 3665 739 3734 Ι
783 3668 818 3722 8
847 3686 898 3718 τι
938 3665 1169 3720 asterum
1206 3675 1273 3724 >
1310 3681 1338 3717 z
1379 3662 1392 3734 Ι
1435 3665 1470 3718 9
1508 3683 1599 3716 οτι
1635 3661 1968 3723 mammeas
2004 3677 2187 3714 οπισω
2226 3679 2338 3732 μου
2370 3667 2439 3719 >
2474 3661 2503 3712 t
2540 3661 2549 3728 Ι
2592 3660 2627 3713 9
2662 3679 2751 3712 οτι

532 3753 761 3809 alterum
797 3763 864 3814 >
889 3747 1018 3806 E'mt
1047 3755 1056 3819 Ι
1087 3753 1120 3805 9
1156 3769 1466 3826 ηραυνηκας
1497 3747 1572 3814 Ε,
1611 3767 1749 3823 ηραυ
1784 3748 1860 3815 F,
1895 3747 1955 3802 in
1992 3763 2097 3818 quo
2137 3749 2315 3802 uetera
2350 3763 2471 3802 oum
2500 3746 2631 3802 folio
2666 3763 2753 3802 se·

532 3841 719 3911 quenti
759 3839 985 3894 desunt.
1021 3855 1321 3909 ηρευνηκας
1356 3852 1412 3900 c,
1448 3850 1738 3908 ηρευνησες
1774 3852 1803 3888 z
1834 3836 1843 3902 Ι
1876 3835 2056 3891 1οτου
2084 3853 2241 3887 οικου
2266 3833 2427 3893 >Ec
2458 3835 2465 3903 Ι
2500 3837 2567 3890 10
2592 3853 2752 3907 ευρη-

529 3947 630 3987 uas·
661 3927 706 3981 E
738 3927 747 3998 Ι
779 3929 845 3982 11
881 3945 976 3979 του
1011 3944 1168 3978 οικου
1203 3932 1270 3982 >
1309 3937 1340 3978 c
1369 3922 1379 3986 Ι
1413 3925 1478 3978 11
1515 3939 1755 3976 ενωπιον
1790 3920 1910 3985 bez,
1951 3939 2201 3974 εναντιον
2234 3919 2443 3976 AEamt
2474 3922 2482 3990 Ι
2528 3921 2594 3976 11
2628 3923 2757 3990 post

532 4031 776 4068 ενωπιον
815 4017 876 4078 -Ι-
913 4029 1136 4065 παντων
1170 4027 1201 4064 z
1255 4023 1263 4079 Ι
1317 4012 1383 4065 11
1420 4011 1546 4078 post
1586 4028 1681 4062 και
1718 4008 1783 4076 -Ι-
1820 4025 2070 4062 svam-tow
2102 4006 2229 4061 Emt
2266 4009 2277 4074 1
2332 4009 2399 4064 13
2433 4025 2607 4061 ταυτα
2646 4025 2753 4080 μοι

531 4114 651 4154 eum
690 4103 1070 4170 ελεγξατωσαν
1096 4097 1164 4151 12
1173 4097 1610 4176 ‘interpunctione
1644 4094 1825 4165 iungit
1862 4111 1895 4148 a
1926 4095 1935 4164 Ι
1969 4095 2037 4149 13
2069 4095 2195 4163 post
2226 4113 2329 4166 μοι
2350 4094 2415 4162 -Ι-
2444 4111 2523 4148 en
2542 4093 2616 4159 Ε,
2654 4093 2755 4148 sed

530 4188 600 4241 ad
636 4208 657 4240 ι
689 4185 852 4240 litera
885 4205 919 4253 η
956 4201 1115 4254 super
1150 4199 1368 4243 uersum
1401 4183 1587 4239 addita
1602 4223 1615 4235 .
1651 4200 1739 4249 ετη
1766 4181 2008 4256 sequitu:
2038 4181 2048 4250 Ι
2080 4181 2147 4236 13
2168 4197 2383 4234 εικοσιν
2405 4197 2460 4234 m
2490 4181 2500 4250 Ι
2532 4182 2600 4236 13
2623 4183 2754 4236 ante

533 4291 642 4342 εγω
667 4274 732 4340 -Ι-
759 4270 796 4327 ἃ
819 4289 847 4324 z
879 4273 887 4341 Ι
919 4271 989 4326 14
1024 4276 1086 4325 αἱ
1120 4283 1188 4332 >
1225 4287 1254 4324 0
1313 4273 1323 4338 Ι
1371 4271 1439 4326 14
1476 4267 1654 4340 αικγες]
1693 4276 1827 4337 βοαι
1861 4267 1905 4321 Ε
1946 4267 2070 4338 [sic]
2118 4269 2127 4336 Ι
2179 4266 2247 4322 15
2280 4272 2668 4340 θηριοβρωτον
2702 4283 2751 4333 ο,

529 4364 891 4431 θηροβραντον
925 4361 1007 4412 mt
1067 4361 1078 4424 Ι
1142 4358 1210 4412 15
1247 4375 1549 4427 ανενηνοχα
1586 4355 1685 4410 AD
1724 4355 1839 4425 [GR]
1866 4354 1991 4408 Emt
2055 4354 2064 4422 Ι
2133 4355 2201 4408 16
2236 4371 2581 4408 απετιννυων
2612 4369 2669 4406 m
2738 4355 2749 4426 Ι

533 4445 598 4500 16
635 4461 750 4522 παρ
785 4443 1056 4509 Eabcmtz,
1091 4463 1170 4497 απ
1208 4441 1256 4496 Α
1286 4444 1296 4515 Ι
1327 4445 1398 4498 16
1419 4460 1639 4515 εμαυτω
1666 4443 1716 4496 D
1737 4440 1851 4511 [GR]
1884 4442 1893 4512 Ι
1928 4441 1995 4496 16
2026 4442 2254 4510 uixoque
2286 4441 2404 4495 loco
2437 4443 2682 4513 κλεματα
2718 4459 2751 4494 z
