3169 4941
1228 431 1653 496 „21-

330 631 450 674 non
508 613 771 693 cogitare
830 618 905 678 de
960 616 1219 678 editione
1273 617 1577 690 incohata,
1631 617 1740 678 sed
1793 617 1992 679 animo
2049 623 2402 696 conceptam
2445 615 2562 678 ha-

330 715 475 776 bere
520 715 647 777 eius
690 714 1031 794 imaginem,
1079 733 1233 793 quae
1284 715 1479 795 possit
1529 734 1638 795 pro
1682 715 2080 776 humanarum
2123 714 2340 776 uirium
2387 710 2561 775 infir-

336 813 548 875 mitate
596 823 659 874 et
702 813 997 875 tenuitate
1043 813 1399 875 auxiliorum
1454 813 1737 874 absoluta
1778 811 1983 874 uocari
2037 819 2219 891 atque
2275 812 2559 890 perfecta.

330 930 512 991 quam
567 921 634 973 ut
692 913 1113 991 adsequamur,
1171 931 1326 972 nunc
1387 919 1711 991 postquam
1771 910 1964 972 multa
2021 911 2248 972 frustra
2305 909 2558 983 tentaui‚

331 1009 526 1070 tribus
584 1010 865 1090 gradibus
921 1010 1364 1089 procedendum
1422 1028 1554 1069 esse
1615 1009 1765 1070 dico,
1853 1027 1993 1070 nam
2049 1006 2309 1087 primum
2350 1005 2563 1068 molior

334 1107 555 1168 librum
613 1127 645 1168 e
700 1107 969 1169 codicum
1023 1107 1366 1181 uncialium,
1431 1107 1533 1187 qui
1589 1107 1950 1187 hexaplares
2007 1124 2125 1166 non
2170 1113 2330 1178 sunt,
2371 1139 2458 1150 -—
2501 1114 2564 1166 et

330 1224 561 1280 eorum,
614 1206 715 1286 qui
757 1207 1111 1286 superstites
1156 1206 1275 1286 ipsi
1306 1214 1466 1280 sunt,
1520 1215 1582 1266 et
1624 1225 1846 1279 eorum,
1895 1204 1996 1285 qui
2038 1202 2318 1283 exputari
2361 1203 2564 1281 sagaci

332 1304 630 1384 patientia
661 1315 915 1384 possunt
942 1341 1027 1350 -—
1061 1325 1356 1366 consensu
1385 1305 1546 1367 haud
1590 1325 1726 1366 raro
1769 1312 1936 1365 certa
1971 1302 2314 1364 coniectura
2353 1321 2561 1363 emen-

332 1403 532 1465 dando
573 1404 887 1476 edendum,
934 1405 1030 1466 cui
1073 1403 1226 1465 libro
1272 1404 1606 1483 scripturae
1642 1401 2110 1481 discrepantiam
2145 1420 2264 1462 non
2289 1400 2560 1462 adiciam.

335 1500 622 1580 deinceps
700 1502 1078 1582 propositum
1152 1510 1246 1564 est
1311 1501 1613 1563 codicibus
1677 1498 2010 1571 GMQVZe
2067 1508 2130 1560 et
2182 1499 2560 1562 uersionibus

334 1597 589 1679 syriacis
633 1618 804 1659 usum
842 1602 1012 1674 (nam
1056 1601 1135 1662 ad
1156 1599 1462 1661 arabicam
1485 1598 1879 1678 hexaplarem
1899 1598 2098 1660 aditus
2120 1597 2225 1658 uix
2265 1594 2560 1679 patuerit)

333 1695 659 1758 editionem
702 1696 1094 1776 hexaplarem
1142 1717 1370 1770 curare,
1428 1697 1523 1758 cui
1581 1697 1828 1758 editioni
1870 1700 2206 1777 fragmenta
2261 1695 2561 1775 interpre-

323 1794 619 1856 tationum
686 1795 975 1856 seriorum
1020 1814 1173 1875 quae
1222 1804 1545 1874 supersunt
1599 1796 1800 1857 omnia
1841 1815 1997 1857 nouo
2056 1795 2262 1855 labore
2315 1811 2562 1854 coacer-

326 1901 475 1954 uata
517 1894 829 1956 additurus
886 1913 1034 1954 sum.
1111 1893 1289 1954 tertio
1340 1894 1471 1954 loco
1516 1895 1774 1955 orationi
1814 1894 2046 1974 primae
2103 1892 2400 1966 editioniS‚
2447 1893 2560 1954 ad-

326 1992 595 2053 curatius
641 1991 874 2052 interea
910 1993 1167 2053 fortasse
1210 1992 1465 2054 aliorum
1510 2011 1746 2073 quoque
1788 1993 1944 2054 curis
1995 1989 2318 2072 expolitae,
2364 1992 2562 2071 adpa’-

324 2098 524 2150 ratum
574 2089 844 2150 criticum
884 2089 1203 2170 integrum
1228 2091 1550 2170 adiungere
1597 2091 1810 2170 cogito,
1855 2091 1960 2150 sed
2006 2108 2142 2150 eum
2184 2109 2304 2150 non
2342 2109 2419 2150 ex
2461 2088 2560 2150 in—

328 2187 679 2248 cedentibus
725 2187 969 2249 confuso
1016 2189 1220 2250 ordine
1260 2189 1692 2268 scripturarum
1737 2188 1948 2261 turbiS,
1989 2206 2196 2249 uerum
2229 2207 2262 2248 e
2301 2187 2559 2249 testibus

328 2292 391 2344 et
434 2285 777 2348 uersionum
816 2293 879 2345 et
920 2295 1163 2365 patrum
1209 2285 1453 2357 auxili0‚
1498 2293 1680 2346 acuta
1718 2293 2038 2366 praeterea
2077 2282 2346 2346 codicum
2388 2285 2558 2365 ipso—

328 2402 457 2444 rum
498 2383 920 2445 aestimatione
976 2392 1037 2444 et
1081 2393 1378 2464 perpetua
1426 2385 1823 2463 interpretum
1865 2383 2154 2445 seriorum
2211 2383 2557 2445 considera-

326 2481 487 2543 tione
530 2482 587 2543 in
637 2485 929 2563 quosdam
971 2483 1143 2564 quasi
1186 2483 1525 2563 manipulos
1571 2482 1852 2556 redactiS‚
1897 2484 2139 2544 fauente
2187 2491 2388 2542 autem
2431 2481 2558 2542 for-

323 2580 477 2641 tuna
526 2582 624 2642 uel
676 2580 1021 2661 legionatim
1061 2582 1372 2663 dispositis
1418 2581 1782 2654 conlectum3
1842 2581 2062 2641 menda
2115 2579 2385 2642 codicum
2439 2580 2554 2641 ad-

322 2679 731 2741 notationibus
774 2700 893 2742 non
926 2681 1273 2755 inferentur,
1322 2682 1430 2743 sed
1457 2680 1521 2742 in
1554 2680 1755 2741 infimo
1782 2678 2048 2759 margine
2077 2677 2264 2741 literis
2294 2677 2554 2741 minimis

321 2777 703 2842 subicientur.
2545 2795 2553 2805 ·

488 2871 651 2938 Fieri
693 2886 895 2939 autem
941 2897 1058 2939 non
1097 2885 1301 2957 potest
1334 2886 1401 2939 ut
1431 2896 1584 2939 unus
1617 2876 1814 2950 homo,
1861 2877 2028 2941 cuius
2071 2877 2192 2939 iam
2235 2876 2313 2937 ad
2353 2874 2554 2937 inma-

321 2981 519 3034 turam
562 2984 937 3037 senectutem
979 2976 1173 3056 uergit
1216 2983 1408 3048 aetas,
1448 2974 1600 3036 haec
1647 2974 1890 3056 negotia
1919 2974 2121 3036 omnia
2158 2975 2320 3036 solus
2365 2984 2550 3055 gerat.

320 3070 695 3133 adiutoribus
760 3093 909 3153 opus
968 3083 1079 3147 est,
1143 3073 1357 3153 quibus
1416 3092 1454 3134 a
1506 3072 1792 3153 magistro
1853 3073 2046 3153 perito
2092 3082 2285 3134 artem
2325 3072 2552 3134 edoctis

319 3168 695 3249 aliquantum
754 3172 977 3234 laboris
1042 3172 1203 3234 credi
1258 3170 1481 3252 possit,
1548 3171 1652 3250 qui
1704 3170 2008 3233 adiutores
2072 3191 2255 3251 quum
2314 3171 2378 3233 in
2436 3170 2552 3232 hac

320 3267 651 3329 nouissima
690 3269 1027 3350 theologiae
1072 3278 1275 3331 aetate
1317 3268 1467 3330 nulli
1508 3268 1632 3330 sint
1671 3288 1845 3343 nunc,
1883 3268 2174 3331 educandi
2211 3269 2377 3349 prius
2409 3277 2553 3329 sunt

320 3374 385 3427 et
426 3385 635 3427 seuere
683 3366 1033 3446 nauiterque
1084 3366 1437 3430 instituendi
1478 3376 1540 3429 et
1584 3366 1918 3432 exercendi.

491 3482 563 3524 ac
608 3465 863 3544 primam
916 3465 1155 3546 quidem
1200 3466 1523 3528 editionem
1570 3467 1728 3546 quod
1787 3464 2038 3539 adtinet,
2101 3484 2281 3545 quum
2339 3466 2549 3546 copiae

322 3561 678 3623 oxonienses
724 3561 915 3642 (quod
959 3582 1116 3624 nunc
1165 3583 1241 3625 ex
1287 3564 1401 3625 hac
1440 3563 1577 3643 ipsa
1615 3582 1752 3623 mea
1797 3562 2054 3624 Genesis
2099 3562 2358 3624 editione
2404 3583 2548 3626 con-

318 3660 539 3740 stabit)
598 3660 901 3722 interdum
956 3661 1229 3740 quidem,
1292 3663 1399 3723 sed
1444 3680 1612 3733 raro,
1671 3661 1898 3734 bonae,
1950 3661 2298 3741 plerumque
2345 3671 2549 3725 autem

320 3758 843 3839 neglegentissime
907 3759 1233 3831 conlectae,
1290 3778 1470 3838 quum
1521 3758 1755 3821 codices
1819 3768 2140 3838 praeterea
2197 3780 2315 3823 non
2370 3761 2548 3842 pauci

318 3855 619 3917 Holmesii
664 3866 726 3917 et
763 3856 1075 3918 Parsonsii
1123 3856 1493 3937 temporibus
1546 3858 1810 3918 nondum
1864 3857 1992 3919 noti
2035 3878 2076 3919 a
2123 3859 2296 3920 nobis
2337 3858 2546 3939 primis

318 3953 380 4015 in
422 3956 787 4034 adparatum
834 3953 1163 4035 recipiendi
1212 3956 1351 4029 sint,
1412 3954 1525 4017 soli
1584 3954 1723 4017 libri
1767 3956 2150 4029 recentioreS‚
2219 3976 2250 4017 e
2296 3975 2546 4036 quorum

320 4052 796 4115 consideratione
838 4052 1152 4135 archetypi
1194 4054 1383 4116 literis
1419 4051 1753 4115 uncialibus
1797 4054 2004 4133 scripti
2039 4053 2345 4116 diuinandi
2385 4062 2544 4129 sunt,

321 4159 429 4211 aut
486 4152 679 4212 denuo
737 4150 1079 4217 conferendi
1136 4161 1199 4214 et
1248 4151 1704 4214 adcuratissime
1761 4150 1999 4231 quidem
2057 4150 2398 4213 conferendi
2440 4160 2546 4213 aut

320 4246 579 4327 primum
623 4246 967 4311 excutiendi
1006 4248 1071 4311 in
1113 4270 1359 4313 censum
1400 4248 1653 4311 ueniunt
1696 4248 1834 4329 plus
1879 4266 2060 4327 quam
2109 4249 2542 4329 quadringenti.

319 4346 534 4408 horum
579 4346 633 4408 si
680 4363 875 4425 neque
924 4364 1203 4411 romanos
1246 4367 1387 4410 curo
1430 4345 1654 4425 (neque
1683 4352 1970 4426 poterunt
2007 4344 2070 4407 in
2108 4354 2282 4407 tanta
2321 4346 2544 4409 biblio-

318 4444 630 4507 thecarum
673 4462 1056 4507 romanarum
1100 4446 1327 4509 invidia
1368 4444 1595 4525 curari)
1639 4463 1830 4523 neque
1884 4463 1986 4505 eos
2031 4444 2133 4523 qui
2173 4438 2544 4527 priuatorum
