3169 4941
581 455 651 509 68
1524 448 1750 504 Genesis
1784 448 1871 503 19.

581 610 624 704 ἢ
661 609 949 689 ἐκείνους.
1023 608 1135 676 καὶ
1195 604 1673 695 παρεβιᾶζοντο
1726 606 1839 675 τὸν
1902 602 2105 692 ἄνδρα
2156 604 2269 673 τὸν
2316 604 2488 671 Λὼτ
2532 601 2809 693 σφόδρα,

579 715 696 783 καὶ
750 714 1015 805 ἤγγισαν
1060 710 1410 802 συντρίψαι
1455 713 1567 801 τὴν
1604 707 1833 798 θύραν.
1926 714 1987 753 ¹⁰
2003 707 2400 787 ἐκτείναντες
2458 708 2559 789 δὲ,
2588 704 2652 775 οἳ
2696 704 2813 773 ἄν-

581 823 727 906 δρες
782 820 902 897 τὰς
950 822 1168 905 χεῖρας
1226 812 1707 883 εἶσεσπάσαντο
1765 815 1877 883 τὸν
1931 814 2104 881 Λὼτ
2163 814 2335 901 πρὸς
2391 809 2653 891 ἑαυτοὺς
2714 810 2812 891 εἷς

579 924 694 991 τὸν
739 916 952 1004 οἶκον,
1011 920 1121 987 καὶ
1165 920 1279 1009 τὴν
1315 920 1528 1047 θύραν
1575 927 1691 985 τοῦ
1737 915 1920 985 οἴκου
1960 915 2387 984 ἀπέκλεισαν·
2459 916 2688 994 11τοὺς
2736 916 2811 983 δὲ

2852 625 2879 669 1

579 1022 821 1112 ανδρας
871 1050 1024 1104 τους
1081 1020 1273 1102 ’όντας
1327 1022 1445 1089 ἐπὶ
1502 1030 1620 1112 τῆς
1676 1022 1885 1109 θύρας
1938 1046 2053 1089 του
2126 1017 2304 1088 οίκου
2360 1018 2691 1100 ἐπάταξαν
2744 1018 2811 1085 ἐν
2842 1041 2876 1086 5

578 1121 888 1219 ἆορασίᾳ,
951 1120 1090 1194 ἀπὸ
1149 1131 1384 1214 μικροῦ
1442 1124 1563 1205 ε’ως
1632 1122 1939 1212 μεγάλου
2006 1124 2125 1195 καὶ
2182 1123 2647 1212 παρελύθησαν
2702 1124 2810 1212 ζη-

577 1241 833 1311 τοῢντες
859 1231 972 1321 τὴν
1003 1227 1232 1319 θυραν.
1310 1224 1581 1297 usiam
1610 1230 1684 1298 δὲ
1714 1227 1777 1297 οἱ
1817 1227 2042 1318 ἄνδρες
2086 1228 2255 1316 πρὸς
2295 1228 2406 1296 τὸν
2447 1227 2618 1295 Λώτ
2660 1225 2813 1294 Εἰσί

579 1358 688 1403 σοι
752 1328 877 1401 ὧδε
929 1333 1209 1422 γαμβροι
1267 1332 1308 1423 ἢ
1359 1359 1491 1400 υιοι
1547 1331 1591 1421 ἢ
1642 1332 2024 1420 θυγατέρες,
2084 1330 2127 1422 ἢ
2182 1329 2249 1398 εί
2296 1358 2399 1411 τις
2456 1354 2563 1398 σοι
2620 1329 2812 1410 ἄλλος

579 1438 754 1505 ἐστὶν
799 1438 866 1504 ἐν
911 1446 989 1528 τῇ
1031 1433 1261 1520 πόλει,
1310 1436 1580 1523 ἐξάγαγε
1626 1434 1699 1503 ἐκ
1735 1443 1850 1503 τοῦ
1878 1436 2089 1504 τόπου
2115 1435 2367 1503 τούτου
2422 1434 2521 1477 13(
2496 1434 2597 1503 ότι
2626 1432 2812 1523 ἡμεῖς

577 1534 949 1626 ἆπόλλυμεν
1008 1540 1121 1608 τὸν
1175 1540 1385 1607 τόπον
1442 1544 1699 1623 τοῦτον,
1746 1539 1864 1623 ,ὅτι
1922 1536 2169 1630 ὑψώθη
2225 1536 2264 1629 ἡ
2324 1538 2559 1627 κραυγὴ
2606 1530 2811 1603 αὐτῶν

577 1642 792 1713 ἔναντι
834 1642 1083 1733 κυρίου,
1154 1643 1268 1711 καὶ
1312 1638 1701 1711 ἀπέστειλεν
1757 1640 1923 1734 ἡμᾶς
1962 1641 2177 1731 κύριος
2234 1640 2546 1730 ἓκτρίψαι
2598 1638 2810 1731 αὐτήν.

587 1749 896 1837 14έξῆλθε
960 1747 1034 1816 δὲ
1091 1748 1264 1815 Λώτ
1318 1747 1428 1815 καὶ
1488 1746 1759 1837 ἒλάλησε
1818 1746 1988 1835 πρὸς
2040 1747 2190 1825 τοὺς
2239 1745 2565 1834 γαμβροὺς
2616 1738 2814 1811 αὐτοῦ

577 1854 729 1932 τοὺς
767 1850 1118 1942 εἰληφότας
1157 1851 1278 1930 τὰς
1321 1851 1688 1941 θυγατέρας
1731 1843 1932 1918 αὐτοῦ
1962 1850 2071 1917 καὶ
2112 1844 2297 1916 εἶπεν
2324 1846 2669 1939 Ἀνάστητε
2698 1847 2809 1915 καὶ

553 1954 884 2041 ,ἐξέλθετε
925 1954 998 2021 ἐκ
1041 1960 1157 2021 τοῦ
1191 1950 1402 2021 τόπου
1439 1950 1707 2038 τούτου,
1758 1953 1860 2021 ὅτι
1898 1951 2178 2043 ἕκτρίβει
2205 1948 2423 2042 κύριος
2452 1952 2567 2042 τὴν
2596 1950 2813 2020 πόλιν.

578 2056 762 2139 ἔδοξε
823 2056 896 2124 δὲ
955 2053 1306 2144 γελοιάζειν
1364 2055 1654 2124 ἐναντίον
1710 2062 1837 2124 τῶν
1898 2060 2200 2145 γαμβρῶν
2263 2049 2501 2139 αἰτοῦ,
2556 2052 2811 2145 15ἡνίκα

581 2160 656 2227 δὲ
694 2157 936 2249 ὄρθρος
981 2160 1258 2247 ἐγένετό,
1307 2156 1709 2242 ἐσπούδαζον
1752 2157 1816 2228 οἱ
1859 2157 2117 2247 ἄγγελοι
2162 2159 2274 2227 τὸν
2313 2158 2482 2225 Λὼτ
2524 2159 2812 2246 λέγοντες

577 2257 907 2344 Ἀναστὰς
948 2264 1110 2349 λάβε
1152 2264 1264 2354 τὴν
1313 2264 1584 2351 γυναῖκά
1626 2287 1743 2330 σου
1786 2264 1896 2330 καὶ
1946 2264 2068 2342 τὰς
2107 2261 2221 2331 δύο
2266 2263 2629 2352 θυγατέρας
2672 2285 2807 2345 σου,

579 2360 658 2447 ἃς
699 2366 886 2452 ἔχεις,
931 2366 1042 2435 καὶ
1072 2364 1301 2449 ἔξελθε
1319 2421 1336 2451 ,
1383 2369 1488 2434 ἵνα
1530 2368 1619 2457 μὴ
1663 2367 1775 2434 καὶ
1824 2367 1902 2434 σὺ
1946 2361 2275 2455 συναπόλῃ
2319 2372 2467 2446 ταῖς
2506 2359 2811 2451 οἷνομίαις

718 2562 749 2614 1
788 2578 890 2613 τον
927 2559 1111 2632 ανδρα
1146 2569 1215 2619 >
1249 2561 1332 2613 mt
1373 2558 1381 2628 Ι
1427 2558 1462 2612 2
1497 2574 1771 2629 ηγγεισαν
1804 2557 1853 2612 Α
1896 2558 1903 2628 Ι
1944 2558 1979 2612 2
2014 2564 2165 2632 θυρα
2205 2558 2250 2611 Ε
2290 2558 2299 2628 Ι
2342 2559 2377 2611 3
2417 2571 2807 2611 επεσπασαντο

577 2644 680 2698 Er.
721 2685 754 2709 „
775 2645 1016 2699 Iustinus
1052 2661 1149 2714 pro
1189 2660 1596 2698 εισεσπασαντο
1634 2645 1775 2713 legit
1809 2649 2095 2698 επιασαν“
2139 2644 2174 2697 b
2217 2645 2225 2714 Ι
2275 2646 2368 2713 3s4
2402 2661 2479 2702 εις
2514 2662 2611 2696 τον
2648 2662 2810 2696 οικον

577 2747 718 2804 προς
760 2748 984 2790 εαυτους
1021 2745 1050 2782 c
1097 2730 1106 2800 Ι
1154 2729 1244 2797 3J4
1279 2747 1358 2788 εις
1387 2747 1484 2782 τον
1525 2747 1688 2783 οικον
1724 2739 1793 2788 >
1828 2731 1911 2782 mi:
1957 2729 1964 2798 Ι
2018 2727 2055 2782 4
2090 2749 2190 2789 τας
2227 2735 2401 2802 θυρας
2435 2745 2466 2781 z
2520 2728 2527 2797 Ι
2581 2730 2617 2783 4
2652 2747 2807 2780 οικου

577 2814 888 2881 Aabcmrssz,
924 2834 1150 2886 τοιχους
1185 2815 1229 2868 Ε
1261 2819 1271 2882 Ι
1303 2816 1338 2870 5
1377 2833 1540 2874 οντας
1566 2823 1635 2872 >
1658 2833 1686 2869 1·
1716 2815 1725 2882 Ι
1756 2815 1791 2870 5
1823 2833 1922 2881 την
1958 2820 2139 2889 θυραν
2170 2831 2225 2867 m
2257 2815 2265 2883 Ι
2296 2813 2331 2869 5
2353 2833 2450 2867 του
2476 2831 2627 2866 οικου
2651 2823 2720 2872 >
2740 2829 2768 2866 0
2795 2814 2802 2879 Ι

579 2901 614 2956 5
653 2921 810 2955 οικου
834 2899 1150 2964 Aabcmrtz,
1185 2919 1377 2970 τοίχου
1403 2899 1528 2970 [sie]
1553 2900 1598 2953 E
1631 2901 1639 2970 Ι
1670 2901 1705 2956 5
1746 2919 1806 2954 εν
1827 2898 2011 2959 >AD
2034 2899 2151 2969 [GR]
2176 2900 2392 2954 Eamrtz
2432 2904 2439 2968 Ι
2483 2901 2514 2953 '7
2550 2905 2695 2972 θυρα
2719 2899 2764 2952 Ε
2795 2897 2803 2968 Ι

580 2988 611 3040 ’7
653 3005 814 3040 ειπον
850 2989 987 3040 cmtz
1025 2987 1098 3055 [D
1111 3013 1186 3032 -=
1207 2986 1264 3056 b]
1322 2987 1332 3054 Ι
1386 2986 1418 3039 7
1451 3005 1550 3040 τον
1586 2997 1654 3046 >
1694 2984 1793 3039 AD
1835 2986 1947 3055 [GR]
1987 2986 2171 3039 Emrtz
2225 2985 2235 3055 Ι
2290 2987 2321 3039 ’7
2358 3000 2471 3038 εισι
2506 2985 2602 3048 bc,
2655 2999 2809 3037 εστιν

578 3091 660 3129 τις
691 3069 901 3134 AEmt,
957 3086 1112 3124 εστιν
1146 3073 1195 3124 D
1235 3071 1350 3141 [GR]
1389 3089 1448 3136 r,
1511 3088 1627 3125 εστι
1664 3091 1747 3130 τις
1794 3072 1854 3125 at
1872 3076 1959 3136 ⁹2,
2014 3071 2073 3125 in
2104 3072 2349 3141 margine
2385 3073 2413 3124 t
2464 3087 2575 3124 εισι
2610 3087 2755 3128 τινες
2793 3069 2801 3140 Ι

578 3156 614 3210 8
645 3163 900 3231 γαμβρος
934 3157 1278 3227 Ez[D——-b]
1327 3159 1335 3222 Ι
1389 3157 1425 3211 8
1463 3177 1554 3211 vm
1590 3175 1619 3212 r
1672 3157 1749 3225 18
1792 3177 1825 3224 η
1862 3177 1980 3224 ητις
2013 3156 2088 3222 Α,
2126 3179 2159 3225 η
2200 3176 2281 3216 τις
2314 3157 2399 3225 ΕΙ
2440 3160 2475 3213 9
2510 3157 2635 3226 Ροεῇ
2686 3161 2803 3217 εξα-

577 3259 720 3312 γαγε
759 3244 824 3310 -Ι-
871 3261 1068 3301 αυτους
1102 3243 1256 3296 Emtz
1283 3244 1356 3312 [D
1381 3243 1526 3313 =b]
1575 3247 1595 3310 ⁸l
1648 3243 1682 3297 9
1731 3263 1793 3297 εκ
1833 3255 1903 3303 >
1943 3246 2027 3298 mt
2064 3246 2073 3312 Ι
2126 3244 2251 3316 9110
2287 3246 2611 3316 απολλυμεν
2645 3261 2807 3314 ημεις

575 3327 889 3382 ADEomrtz
920 3331 928 3395 Ι
963 3330 1029 3382 10
1053 3347 1224 3397 αυτην
1247 3346 1275 3380 z
1305 3328 1315 3398 Ι
1349 3330 1412 3383 11
1466 3347 1723 3383 εναντιον
1757 3329 1957 3395 ADEr‚
2024 3349 2266 3386 ενωπιον
2302 3347 2331 3384 c
2383 3330 2392 3400 Ι
2450 3331 2513 3384 11
2566 3349 2715 3402 ημας
2760 3330 2805 3382 Ε

579 3413 713 3483 [non
728 3415 803 3484 D]
829 3417 956 3484 post
989 3425 1246 3484 εκτριψαι
1280 3415 1437 3483 ponit
1465 3417 1476 3482 Ι
1508 3416 1573 3470 11
1594 3417 1720 3485 post
1743 3435 1934 3489 κυριος
1954 3417 2020 3485 -Ι-
2042 3437 2071 3470 ο
2098 3423 2229 3476 θεος
2252 3435 2279 3470 z
2311 3421 2322 3484 Ι
2355 3416 2417 3470 11
2448 3428 2709 3486 εντριψαι
2734 3433 2767 3470 a
2794 3415 2803 3487 Ι

581 3501 648 3553 12
685 3505 912 3569 εξηλθεν
944 3501 1128 3554 AErt1
1185 3504 1194 3568 Ι
1247 3501 1312 3555 12
1351 3505 1614 3569 ελαλησεν
1646 3501 1745 3556 AD
1783 3503 2053 3572 [superest
2084 3505 2199 3575 σεν]
2238 3505 2313 3558 Er
2365 3504 2374 3573 Ι
2441 3502 2510 3556 14
2548 3505 2807 3564 εξελθατε

582 3586 786 3640 ADEm
815 3587 826 3656 Ι
857 3587 927 3642 14
959 3598 1203 3662 εκτριψει
1243 3605 1272 3642 c
1303 3591 1312 3655 Ι
1345 3588 1410 3642 15
1437 3583 1645 3650 ἐδοξεν
1669 3588 1768 3642 AD
1806 3589 2077 3658 [superest
2112 3590 2259 3660 οξεν]
2297 3589 2342 3642 Ε
2374 3592 2383 3656 Ι
2418 3588 2483 3644 15
2520 3590 2583 3641 δε
2620 3599 2688 3648 >
2726 3606 2754 3640 z
2794 3587 2803 3659 Ι

583 3671 650 3726 15
687 3689 944 3726 εναντιον
972 3669 1294 3738 ADizbmrtz,
1331 3692 1406 3747 με
1426 3693 1549 3728 αντι
1567 3673 1638 3738 Ε,
1678 3693 1917 3728 ενωπιον
1935 3693 1963 3729 o
1994 3676 2002 3744 Ι
2035 3675 2103 3730 15
2122 3694 2281 3742 ηνικα
2298 3673 2617 3738 AEabmrtz,
2648 3691 2766 3734 ωςο
2792 3675 2803 3744 Ι

579 3758 648 3812 16
685 3775 898 3827 εγινετο
935 3757 1062 3812 Ant
1092 3761 1101 3823 Ι
1133 3760 1201 3813 16
1229 3760 1657 3820 επεσπουὸαζον
1678 3758 1777 3813 AD
1806 3759 2077 3830 [superest
2112 3758 2385 3829 επεσπου]
2409 3762 2463 3813 tz
2495 3763 2506 3826 Ι
2540 3761 2603 3814 16
2630 3778 2804 3830 αγγε-

577 3846 671 3897 λοι
729 3841 857 3898 aber
886 3883 901 3897 .
965 3848 1196 3914 αγγελοι
1251 3864 1349 3899 τον
1409 3849 1525 3910 λωτ,
1577 3848 1835 3915 λεγοντες
1896 3847 1953 3901 in
2010 3846 2059 3900 A
2120 3867 2155 3898 α
2214 3846 2449 3914 primum
2506 3848 2562 3900 et
2612 3864 2698 3904 τες
2748 3847 2808 3900 in

575 3929 720 3985 corio
764 3931 971 3986 intacto
1018 3929 1184 3986 habet
1197 3971 1210 3984 .
1267 3945 1404 4000 quae
1441 3951 1477 3984 α
1514 3930 1655 3986 illud
1706 3931 1941 4000 primum
1977 3931 2337 4002 sequebantur
2368 3933 2561 3988 literae
2596 3933 2806 4000 septem

580 4015 805 4086 [incluso
838 4034 868 4068 τ
901 4016 1050 4070 uocis
1083 4018 1198 4086 τον]
1239 4033 1380 4071 nune
1417 4020 1752 4073 euanuerunt
1784 4019 1844 4072 in
1874 4035 2061 4073 rasura
2077 4058 2089 4072 .
2144 4021 2271 4088 post
2304 4037 2338 4072 ν
2370 4019 2521 4073 uocis
2556 4022 2805 4088 λεγοντες

575 4103 762 4156 literae
797 4102 958 4157 unius
993 4119 1202 4167 rasura,
1239 4106 1304 4157 ut
1335 4106 1392 4157 et
1428 4108 1597 4174 λεγον
1632 4105 1692 4157 in
1722 4120 1911 4158 rasura
1945 4107 2206 4175 scriptum
2236 4107 2245 4172 Ι
2298 4105 2362 4158 17
2401 4107 2700 4177 παραλαβε,
2724 4119 2753 4156 c
2790 4105 2797 4171 Ι

576 4187 643 4241 17
682 4189 782 4240 δυο
820 4191 876 4242 et
913 4203 1014 4242 σου
1050 4199 1118 4249 >
1154 4191 1204 4243 D
1239 4191 1380 4245 teste
1421 4188 1650 4245 Grabio:
1708 4207 1869 4261 quum
1904 4191 1964 4245 in
1996 4193 2047 4245 D
2082 4208 2227 4246 nunc
2261 4193 2387 4245 ants
2436 4209 2501 4250 ας
2535 4207 2680 4259 εχεις
2713 4205 2801 4242 su-

573 4272 747 4339 persit
780 4289 846 4340 σ,
901 4275 1105 4330 clarum
1155 4292 1256 4330 σου
1306 4277 1535 4332 alterum
1586 4293 1694 4331 non
1740 4276 1978 4332 adfuisse
1998 4319 2011 4332 .
2066 4293 2173 4332 σου
2220 4278 2455 4333 alterum
2491 4287 2560 4337 >
2604 4275 2800 4339 Emrtz,

575 4357 679 4408 δυο
726 4359 784 4410 et
813 4375 915 4413 σου
948 4361 1179 4416 alterum
1213 4373 1281 4422 >
1317 4380 1346 4416 c
1400 4364 1409 4433 Ι
1464 4364 1533 4416 18
1575 4366 1703 4432 post
1753 4383 1895 4432 εχεις
1935 4368 1997 4430 -Ι-
2034 4371 2277 4419 ενταυθα
2314 4381 2343 4418 1·
2408 4366 2417 4433 Ι
2487 4365 2555 4419 18
2598 4383 2694 4416 και
2733 4379 2800 4415 συ

575 4451 642 4510 >
681 4441 870 4498 Acmtz
909 4448 920 4512 Ι
967 4447 1034 4500 18
1069 4461 1137 4499 συ
1169 4457 1236 4506 >
1270 4465 1298 4500 1·
1329 4449 1336 4509 Ι
1370 4448 1438 4502 18
1479 4453 1659 4517 απολη
1696 4449 1771 4514 Ε,
1809 4453 2150 4504 συναπολλοι
2186 4468 2215 4504 z

2850 1546 2913 1593 10

2850 2064 2915 2111 15
