3169 4941
1915 291 1931 330 a
1976 312 2014 333 =

590 408 694 463 180
1514 402 1740 459 Genesis
1773 404 1864 459 43.

624 560 663 591 >1

585 589 771 633 οικου
851 567 911 607 ²⁰
934 563 1227 649 λέγοντες
1293 561 1610 648 Δεόμεθα
1625 616 1641 647 ,
1725 561 1920 650 κύριε.
2007 558 2363 650 κατέβημεν
2435 558 2547 651 τὴν
2619 551 2810 649 ἀρχὴν
2853 576 2876 619 1

583 666 926 756 πρίασθαι
967 666 1297 755 βρώματα.
1360 664 1682 753 ’ῑέγένετο
1726 664 1802 733 δέ
1813 719 1830 750 ,
1877 662 2060 753 ἡνίκα
2103 662 2392 755 ἤλθομεν
2437 661 2532 743 εἷς
2572 662 2650 730 τὸ
2692 688 2813 729 κα-

580 775 859 840 ταλῦσαι
896 771 1010 838 καὶ
1052 764 1393 860 ἧνοίξαμεν
1434 771 1590 851 τούς
1628 767 2068 856 μαρσίππους
2110 767 2316 860 ἡμῶν,
2374 767 2490 835 καὶ
2538 762 2691 834 τόδε
2732 765 2810 832 τὸ

582 870 881 964 ἀργύριον
924 872 1199 943 ἑκάστου
1241 874 1310 943 ἐν
1354 878 1449 963 τῷ
1488 871 1863 963 μαρσίππῳ
1905 870 2123 939 αὐτοῦ.
2178 873 2254 939 τὸ
2297 865 2599 959 ἀργύριον
2639 866 2813 958 ἡμῶν

581 978 648 1047 ἐν
691 984 979 1068 σταθμῷ
1024 975 1536 1068 ἀπεστρέψαμεν
1595 982 1703 1043 νῦν
1738 975 1810 1043 ἐν
1848 981 1999 1056 ταῖς
2051 975 2268 1063 χερσὶν
2325 973 2503 1064 ἡμῶν
2523 1027 2540 1057 ,
2624 978 2685 1016 ²²
2699 971 2810 1041 καὶ
2847 991 2878 1037 5

578 1080 879 1171 ἀργύριον
936 1080 1157 1171 ἕτερον
1209 1073 1564 1171 ἠνέγκαμεν
1606 1082 1760 1166 μεθ’
1803 1077 2049 1147 ἑαυτῶν
2107 1074 2426 1167 ἀγοράσαι
2462 1076 2774 1166 βρώματα
2792 1099 2809 1113 ·

580 1180 700 1255 οὗκ
762 1182 1030 1271 οἴδαμεν
1063 1184 1166 1265 τίς
1207 1183 1509 1271 ἐνέβαλεν
1566 1184 1646 1253 τὸ
1705 1177 2000 1273 ἀργύριον
2041 1181 2137 1264 εἷς
2187 1182 2340 1263 τούς
2380 1179 2812 1270 μαρσίππους

575 1286 776 1379 ἡμῶν.
872 1282 1100 1357 ’θεῖπε
1144 1288 1217 1356 δὲ
1258 1286 1481 1369 αὐτοῖς
1510 1286 1739 1368 Ἵλεως
1779 1284 1961 1373 ὑμῖν,
2023 1288 2110 1376 μὴ
2153 1292 2512 1377 φοβεῖσθε·
2568 1284 2607 1353 ὁ
2650 1284 2812 1365 θεὸς

576 1391 757 1478 ὑμῶν
798 1392 907 1460 καὶ
948 1389 987 1460 ὃ
1026 1391 1191 1472 θεὸς
1228 1399 1359 1459 τῶν
1402 1391 1704 1481 πατέρων
1747 1389 1926 1477 ὑμῶν
1969 1390 2209 1461 ἔδωκεν
2248 1388 2394 1477 ὑμῖν
2441 1389 2810 1479 θησαυροὺς

578 1496 648 1565 ἐν
686 1501 827 1577 τοῖς
866 1492 1289 1583 μαρσίπποις
1326 1493 1536 1582 ὑμῶν,
1593 1495 1704 1563 καὶ
1745 1496 1824 1564 τὸ
1871 1488 2168 1585 ἀργύριον
2207 1492 2383 1580 ὑμῶν
2427 1492 2806 1580 εὐδοκιμοῦν
2849 1506 2916 1551 10

576 1596 821 1684 ἀπέχω.
880 1599 993 1667 καὶ
1034 1599 1295 1689 ἐξήγαγε
1338 1599 1508 1689 πρὸς
1550 1592 1784 1679 αὐτοὺς
1818 1600 1931 1667 τὸν
1971 1596 2233 1683 Συμεών
2250 1652 2267 1683 ,
2323 1602 2384 1641 ²⁴
2398 1598 2510 1666 καὶ
2553 1595 2806 1687 ἤνεγκεν

575 1703 751 1793 ὕδωρ
786 1701 986 1791 νίψαι
1030 1704 1182 1783 τοὺς
1216 1703 1433 1784 πόδας
1474 1697 1686 1771 αὐτῶν
1704 1754 1721 1785 ,
1788 1702 1897 1769 καὶ
1949 1700 2152 1771 ἔδωκε
2204 1698 2626 1792 χορτάσματα
2666 1706 2810 1781 τοῖς

576 1803 750 1887 ’ὄνοις
803 1800 1024 1875 αὐτῶν.
1120 1812 1182 1851 ²⁶
1196 1804 1552 1897 ἡτοίμασαν
1608 1807 1682 1875 δὲ
1742 1806 1825 1873 τὰ
1869 1808 2046 1895 δῶρα
2102 1804 2225 1886 ἕως
2269 1811 2386 1875 τοῦ
2430 1806 2655 1874 ἐλθεῖν
2696 1805 2808 1872 τὸν

571 1902 820 1999 Ἰωσὴφ
867 1909 1302 2000 μεσημβρίας·
1378 1907 1660 2001 ἤκουσαν
1715 1910 1836 1998 γὰρ
1895 1908 1998 1977 ὅτι
2051 1909 2184 1977 ἐκεῖ
2245 1910 2462 1995 μέλλει
2520 1906 2808 1997 ἀριστᾶν.

586 2010 929 2101 ’θείσῆλθε
970 2012 1045 2080 δὲ
1086 2006 1335 2103 Ἰωσὴφ
1378 2011 1473 2093 εἰς
1512 2014 1630 2103 τὴν
1688 2010 1925 2096 οἰκίαν,
1986 2013 2099 2081 καὶ
2159 2012 2614 2105 προσήνεγκαν,
2638 2010 2811 2101 αὐτῷ
2849 2034 2914 2079 15

578 2116 663 2181 τὰ
706 2117 886 2203 δῶρα
900 2168 916 2199 ,
990 2109 1033 2181 ἃ
1076 2110 1248 2199 εἶχον
1308 2116 1375 2183 ἐν
1422 2121 1571 2197 ταῖς
1608 2115 1826 2205 χερσὶν
1867 2114 2082 2185 αὐτῶν
2096 2171 2113 2201 ,
2171 2116 2269 2197 εἰς
2308 2117 2419 2184 τὸν
2464 2111 2641 2184 οἶκον
2697 2116 2812 2183 καὶ

579 2214 1070 2309 προσεκύνησαν
1113 2217 1291 2308 αὐτῷ
1332 2219 1452 2287 ἐπὶ
1494 2220 1859 2311 πρόσωπον
1903 2219 2022 2289 ἐπὶ
2065 2220 2178 2311 τὴν
2217 2225 2350 2310 γῆν.
2450 2224 2511 2263 ²⁷
2527 2215 2811 2311 ἠρώτησε

577 2322 651 2391 δὲ
690 2320 920 2403 αὐτοὺς
958 2326 1118 2403 Πῶς
1156 2320 1334 2406 ἔχετε
1346 2355 1367 2409 ,·
1421 2324 1533 2392 καὶ
1575 2318 1764 2392 εἶπεν
1815 2325 2035 2405 αὐτοῖς
2078 2322 2160 2392 Εἰ
2200 2322 2469 2411 ὑγιαίνει
2513 2321 2550 2391 ὃ
2591 2324 2809 2414 πατὴρ

718 2513 753 2569 2
800 2521 1051 2587 πριασθε
1086 2513 1164 2579 A,
1225 2522 1587 2589 πριασασθαι
1622 2535 1650 2570 z
1719 2515 1728 2587 Ι
1795 2516 1830 2570 2
1879 2533 2098 2586 εγενετο
2150 2515 2233 2585 δε]
2293 2536 2388 2570 και
2427 2533 2646 2586 εγενετο
2681 2515 2730 2570 A
2795 2514 2805 2585 Ι

575 2600 609 2655 2
646 2618 809 2668 ηνικα
846 2608 915 2660 >
953 2617 981 2652 z
1036 2602 1045 2669 Ι
1099 2601 1134 2654 2
1170 2618 1247 2660 εις
1278 2620 1341 2655 το
1380 2610 1449 2662 >
1484 2603 1596 2667 mt,
1636 2622 1734 2656 του
1770 2620 1798 2655 z
1851 2603 1860 2671 Ι
1911 2603 1946 2656 3
1986 2622 2080 2656 και
2121 2602 2270 2672 prius
2307 2613 2375 2663 >
2407 2620 2438 2657 z
2483 2603 2564 2670 13
2598 2617 2807 2678 αρσιπ-

575 2704 722 2746 πους
760 2687 887 2755 [11011
910 2687 975 2757 μ]
1012 2685 1072 2740 111
1105 2702 1294 2741 rasura
1323 2703 1487 2742 manu
1522 2688 1699 2757 prima
1731 2688 1805 2742 A.
1838 2703 2162 2761 μαρσιπους
2198 2692 2265 2743 z¹
2297 2690 2305 2758 Ι
2351 2690 2386 2744 3
2419 2707 2578 2759 ημων
2617 2695 2685 2747 >
2723 2705 2752 2740 z
2795 2689 2802 2756 Ι

574 2773 611 2828 3
648 2772 803 2843 τοδε]
837 2791 903 2824 το
941 2773 992 2826 D
1030 2770 1245 2837 Grabii,
1282 2773 1379 2828 sed
1414 2773 1848 2828 Tischendorfius
1885 2773 2145 2838 „uidetur
2191 2794 2256 2828 το
2295 2774 2357 2827 δε
2393 2773 2579 2828 deesse
2612 2776 2806 2828 notan-

574 2858 702 2912 dum
722 2856 889 2912 fuisse
905 2861 937 2886 “
969 2857 979 2926 Ι
1008 2858 1044 2911 3
1067 2877 1129 2911 το
1150 2867 1218 2917 >
1242 2860 1350 2912 mt.
1386 2859 1443 2913 in
1481 2877 1516 2912 1
1548 2876 1714 2914 manu
1748 2861 2032 2915 recentiori
2068 2876 2229 2929 super
2265 2876 2456 2915 rasura
2471 2900 2484 2925 ,
2521 2860 2617 2916 sed
2639 2860 2806 2915 libra-

570 2944 685 2998 rius
722 2945 881 2998 uetus
923 2943 1048 2996 δετο
1081 2943 1139 2997 111
1174 2961 1341 2998 unum
1376 2945 1617 3000 iunxisse
1651 2946 1891 3009 uidetur,
1929 2946 2072 3016 quod
2107 2947 2393 3002 correctori
2423 2963 2586 3016 quum
2613 2947 2805 3016 displi-

572 3032 717 3084 ceret
732 3068 747 3092 ,
782 3028 1019 3084 radendo
1057 3028 1294 3086 deletum
1329 3034 1384 3086 et
1432 3031 1606 3087 denuo
1655 3031 1978 3102 inscriptum
2011 3033 2228 3088 uidetur
2299 3037 2309 3101 Ι
2374 3035 2411 3089 4
2444 3049 2655 3088 εκαστω
2694 3050 2728 3086 x
2793 3033 2802 3104 Ι

570 3116 607 3168 4
643 3117 769 3183 post
805 3133 964 3184 ημων
999 3115 1064 3182 -Ι-
1117 3124 1361 3170 ενταυθα
1406 3121 1489 3172 mt
1554 3120 1562 3187 Ι
1629 3119 1665 3174 5
1699 3138 1821 3178 ταις
1859 3119 2082 3192 χερσιν]
2132 3138 2247 3179 τοις
2292 3135 2645 3193 μαρσιπποις
2679 3118 2728 3172 A
2793 3120 2802 3189 Ι

571 3200 605 3255 6
626 3205 747 3270 μεθ
770 3217 979 3253 εαυτων
1001 3216 1034 3253 x
1056 3203 1184 3270 post
1204 3208 1469 3276 βρωματα
1494 3203 1652 3273 ponit
1681 3206 1691 3270 Ι
1723 3203 1755 3257 7
1784 3223 1888 3258 ουκ
1912 3204 2078 3260 etiam
2101 3222 2153 3276 y,
2192 3225 2259 3258 ov
2284 3223 2392 3279 γαρ
2418 3221 2452 3259 a
2481 3205 2492 3274 Ι
2524 3205 2556 3259 7
2582 3209 2805 3273 ενεβαλε

567 3287 742 3349 t212,
780 3283 939 3340 nonb
982 3288 993 3354 Ι
1033 3287 1065 3340 7
1098 3287 1226 3342 ante
1255 3307 1319 3341 το
1358 3289 1595 3362 -Ι-“ημιν
1626 3289 1758 3354 Fm,
1799 3291 1866 3359 -Ι-
1903 3310 2042 3363 ημιν
2074 3309 2216 3362 μετα
2245 3310 2448 3363 χειρας
2479 3307 2548 3361 ay
2578 3294 2587 3359 Ι
2620 3294 2651 3346 ’7
2680 3295 2809 3362 post

572 3389 841 3445 αργυριον
880 3375 942 3437 -Ι-
980 3391 1123 3443 ημιν
1155 3376 1210 3438 t,
1257 3377 1318 3440 -Ι-
1357 3393 1515 3448 ημων
1550 3392 1583 3429 x
1627 3376 1636 3444 Ι
1685 3377 1715 3430 7
1756 3395 1816 3430 εν
1852 3396 1967 3436 τοις
2004 3393 2356 3450 μαρσιπποις
2389 3380 2471 3432 mt
2515 3378 2524 3447 Ι
2573 3378 2608 3431 8
2645 3396 2805 3432 ειπεν

567 3453 804 3510 AFt¹x¹
834 3456 843 3525 Ι
874 3457 908 3510 8
944 3460 1071 3526 post
1104 3479 1298 3518 αυτοις
1334 3461 1400 3528 -Ι-
1440 3481 1469 3514 ο
1504 3468 1800 3536 ανθρωπος
1834 3460 1883 3515 A
1913 3462 1922 3531 Ι
1952 3462 1988 3516 8
2025 3466 2185 3523 ιλεως
2219 3481 2358 3533 ημιν
2398 3481 2426 3516 z
2474 3466 2482 3530 Ι
2537 3465 2573 3518 8
2607 3471 2802 3536 φοβει-

568 3547 711 3594 σθαι
733 3541 782 3596 Α
812 3541 823 3610 Ι
856 3543 923 3596 10
949 3562 1027 3604 εις
1063 3564 1196 3604 τους
1224 3561 1596 3620 μαρσιππους
1628 3563 1663 3600 x
1692 3548 1702 3613 Ι
1735 3548 1802 3601 10
1837 3567 1931 3601 και
1968 3547 2053 3617 το]
2091 3567 2153 3600 το
2180 3548 2245 3602 δε
2268 3548 2368 3603 AD
2395 3550 2511 3620 [en]
2536 3550 2753 3604 chtxz
2789 3552 2799 3623 Ι

569 3627 634 3681 11
674 3630 944 3697 εξηγαγεν
977 3627 1087 3683 At¹
1115 3630 1303 3701 [1¹‘?],
1362 3636 1652 3703 εξηνεγκεν
1689 3634 1734 3688 F
1788 3637 1796 3702 Ι
1855 3636 1919 3689 11
1944 3652 2042 3687 τον
2080 3643 2148 3693 >
2180 3632 2230 3687 Α
2283 3636 2291 3705 Ι
2348 3637 2414 3692 11
2455 3653 2666 3708 σιμεων
2703 3653 2732 3690 o
2791 3637 2799 3709 Ι

568 3714 634 3767 11
680 3713 808 3781 post
857 3727 1080 3785 συμεων
1115 3718 1181 3784 -Ι-
1219 3736 1315 3770 και
1362 3733 1664 3788 εισηγαγεν
1711 3740 1742 3773 ο
1779 3739 1916 3794 ανηρ
1961 3715 2088 3779 τους
2135 3721 2339 3795 ἀνδρας
2389 3739 2469 3781 εις
2511 3742 2610 3776 τον
2643 3743 2804 3778 οικον

568 3814 757 3871 ιωσηφ
791 3814 824 3851 x
865 3801 874 3865 Ι
922 3801 988 3854 11
1026 3819 1265 3871 ηνεγκαν
1296 3804 1346 3858 D
1374 3803 1490 3873 [GR]
1516 3806 1660 3874 Fayz
1691 3805 1700 3876 Ι
1735 3805 1801 3860 12
1836 3812 2120 3874 νιψασθαι
2157 3823 2188 3862 z
2218 3811 2227 3874 Ι
2272 3806 2340 3860 12
2365 3809 2569 3862 εδωκεν
2590 3811 2802 3875 Ft111,

564 3881 811 3954 ηνεγκεν
827 3881 877 3936 Α
906 3884 915 3955 Ι
950 3886 1016 3940 13
1047 3890 1388 3944 εισελθεινΙ)
1406 3889 1523 3960 [Gn]
1546 3891 1658 3960 Fcy
1689 3891 1697 3960 Ι
1731 3892 1798 3948 13
1819 3911 1916 3946 τον
1939 3902 2007 3952 >
2032 3891 2131 3947 AD
2159 3893 2276 3964 [en]
2301 3894 2521 3949 chtxz
2536 3935 2549 3958 ,
2587 3913 2666 3955 εις
2688 3911 2759 3966 ay
2789 3897 2798 3968 Ι

568 3968 635 4023 14
672 3979 741 4029 >
778 3987 813 4022 x
841 3971 850 4038 Ι
885 3971 953 4024 14
985 3980 1308 4048 μεσημβρια
1342 3975 1441 4030 AD
1472 3976 1580 4046 [GR]
1617 3977 1627 4046 Ι
1675 3977 1743 4033 14
1782 3977 1914 4049 γαρ]
1953 3980 2016 4032 δε
2057 3995 2126 4048 ay
2157 3989 2165 4048 Ι
2201 3980 2267 4033 14
2291 3999 2362 4032 αν
2395 3981 2544 4035 uocis
2569 3997 2804 4054 αρισταν

562 4052 611 4106 A
649 4071 813 4110 manu
849 4057 1083 4112 secunda
1120 4099 1152 4122 „
1166 4075 1327 4129 super
1384 4062 1560 4130 spatio
1611 4062 1965 4132 plurimarum
2018 4064 2099 4135 [ni
2136 4065 2320 4130 fallor,
2368 4068 2558 4137 trium]
2608 4067 2799 4122 litera-

560 4155 681 4194 rum
716 4149 1007 4198 rasarum“
1056 4143 1063 4206 Ι
1098 4145 1165 4199 15
1205 4150 1429 4214 εισηλθε
1467 4150 1529 4202 δε
1566 4157 1636 4207 >
1672 4165 1705 4202 x
1745 4149 1753 4218 Ι
1806 4150 1872 4204 15
1913 4153 2176 4217 εισηλθεν
2209 4151 2366 4207 AFt1
2397 4154 2406 4222 Ι
2441 4155 2510 4210 15
2545 4169 2799 4224 εισηνεγ-

567 4243 673 4278 καν
704 4244 733 4279 z
787 4231 797 4294 Ι
851 4229 919 4283 16
949 4248 1016 4282 τα
1057 4240 1125 4290 >
1162 4233 1242 4285 mt
1284 4232 1293 4301 Ι
1348 4233 1417 4287 16
1457 4253 1479 4287 ι
1516 4252 1551 4288 ν
1584 4252 1646 4288 εν
1682 4254 1806 4296 ταις
1833 4254 1940 4311 χερ
1979 4254 2036 4289 ιν
2075 4257 2254 4290 αυτων
2291 4257 2370 4298 εις
2405 4259 2470 4292 ον
2506 4259 2670 4295 οικον
2703 4260 2800 4295 και

563 4311 768 4377 periere
800 4314 858 4366 in
893 4314 939 4368 F
970 4315 979 4382 Ι
1025 4315 1093 4371 16
1131 4336 1317 4371 αυτων
1351 4328 1418 4376 >
1452 4334 1486 4371 x
1527 4319 1535 4387 Ι
1581 4320 1650 4374 17
1687 4337 1960 4395 ηρωτησεν
1995 4321 2236 4376 AFt¹x¹
2280 4325 2289 4393 Ι
2336 4325 2405 4382 18
2437 4328 2566 4396 post
2601 4347 2804 4388 αυῐους

567 4397 630 4460 -Ι-
670 4413 853 4468 ιωσηφ
891 4397 942 4452 D
969 4397 1084 4469 [un]
1117 4400 1126 4468 Ι
1162 4401 1227 4455 18
1261 4422 1451 4462 amoos
1488 4414 1556 4462 >
1597 4421 1626 4460 ο
1657 4405 1665 4473 Ι
1697 4405 1767 4459 18
1803 4425 1852 4460 ει
1888 4415 1957 4467 >
1993 4409 2043 4462 D
2072 4407 2184 4480 [aa]
2215 4412 2367 4481 amty
