3169 4941
2532 427 2603 485 29

319 618 350 674 1
387 602 798 689 Symmachus
866 603 1035 668 hunc
1097 584 1312 668 locum
1380 599 1474 666 ita
1546 597 1877 666 transtulit
1938 601 2253 682 postquam
2310 600 2604 661 uetustate

385 713 691 788 consenui,
737 709 905 788 facta
947 713 1034 772 est
1073 709 1230 770 mihi
1270 703 1705 770 adolescentia?

560 815 643 876 Et
681 813 842 876 dixit
878 811 1191 895 Numquid
1235 817 1350 890 est,
1408 811 1672 888 domme,
1720 813 1780 872 si
1820 803 2071 891 loquor?
2162 801 2327 889 quod
2377 821 2602 888 graece

390 916 694 999 scriptum
736 917 833 980 est
864 908 1036 1002 μήτι,
1084 907 1280 999 κύριε,
1319 909 1430 976 ἐὰν
1471 908 1745 999 λαλήσω.
1838 910 2111 976 9901111ᾱο
2155 909 2475 974 Abraham
2516 907 2607 973 sic

321 1026 356 1081 5
391 1021 488 1086 est
530 1019 779 1085 locutus
820 1019 899 1085 ad
946 1017 1297 1084 dominum:
1343 1017 1510 1101 quod
1554 1036 1681 1082 non
1719 1015 1968 1081 uidetur
2010 1012 2341 1079 manifeste
2388 1031 2608 1078 sonare

392 1121 542 1206 quid
599 1121 783 1188 dicat.
896 1124 964 1186 in
1022 1122 1294 1187 hebraeo
1353 1121 1552 1206 igitur
1616 1120 1863 1204 plenius
1920 1119 2216 1184 scribitur
2272 1140 2345 1182 ne
2396 1138 2608 1200 quaeso

389 1232 680 1292 irascaris
694 1276 711 1305 ,
749 1228 982 1292 domine
996 1279 1012 1306 ‚
1066 1231 1126 1291 si
1161 1229 1394 1290 locutus
1417 1227 1625 1306 fuera.
1734 1224 1879 1308 quia
1928 1222 2097 1288 enim
2134 1220 2468 1287 uidebatur
2510 1219 2610 1284 in-

391 1334 722 1416 terrogans
769 1330 1093 1398 dominum
1138 1332 1345 1396 artare
1384 1330 1789 1414 responsione
1810 1379 1825 1408 ‚
1871 1330 2185 1412 temperat
2224 1326 2611 1410 praefatione

394 1435 560 1520 quod
611 1435 868 1521 quaerit.

295 1550 363 1606 10
569 1542 652 1605 Et
695 1543 929 1605 loeutus
971 1545 1058 1603 est
1100 1542 1179 1604 ad
1216 1561 1466 1624 generos
1508 1561 1678 1617 suae,
1734 1543 1842 1622 qui
1883 1542 2226 1622 acceperant
2246 1537 2427 1617 filias
2466 1539 2613 1600 ciue.

397 1645 541 1729 quia
578 1646 796 1729 postea
841 1643 998 1709 duae
1043 1643 1212 1709 filiae
1257 1645 1379 1709 Lot
1417 1643 1698 1727 uirgines
1741 1641 1936 1706 fuisse
1984 1639 2304 1718 dicuntur,
2352 1637 2427 1703 de
2472 1637 2612 1722 qui-

396 1749 514 1815 bus
544 1750 609 1813 et
648 1748 778 1832 ipse
816 1747 1052 1814 dudum
1081 1747 1163 1814 ad
1194 1746 1574 1813 Sodomaeos
1607 1746 1849 1812 dixerat
1880 1768 2006 1810 ecce
2034 1747 2189 1810 duae
2212 1746 2395 1827 filiae
2435 1765 2615 1822 meae,

398 1874 546 1937 quae
597 1876 712 1917 non
754 1857 1153 1936 coynouerunt
1204 1857 1412 1916 uirum
1425 1902 1442 1931 ,
1491 1853 1556 1916 et
1598 1869 1765 1916 nunc
1808 1850 2119 1932 scriptura
2166 1850 2619 1914 commemorat

401 1976 544 2022 eum
605 1957 899 2022 habuisse
971 1975 1234 2040 generos
1249 2007 1264 2036 ‚
1335 1975 1460 2022 non
1529 1954 1691 2020 nulli
1752 1954 2137 2020 arbitrantur
2206 1951 2351 2018 illas
2367 2002 2382 2031 ‚
2459 1971 2616 2036 quae
2688 2020 2695 2027 ,

299 2073 366 2129 15
399 2059 571 2125 uiros
613 2060 1000 2140 habuerant,
1055 2060 1123 2126 in
1167 2059 1454 2126 Sodomis
1498 2059 1906 2137 remansisse,
1969 2061 2033 2124 et
2074 2077 2181 2124 eas
2228 2058 2426 2124 exisse
2470 2076 2618 2121 cum

399 2166 578 2247 patre
595 2213 611 2243 ‚
687 2183 844 2249 quae
908 2164 1188 2250 uirgines
1262 2163 1534 2229 fuerunt.
1654 2164 1818 2249 quod
1890 2182 2036 2228 cum
2110 2163 2421 2248 scriptura
2490 2180 2619 2228 non

404 2268 605 2346 dicat,
648 2267 920 2352 hebraea
961 2269 1197 2352 ueritas
1237 2267 1601 2352 exponenda
1647 2270 1773 2347 est,
1819 2267 1885 2332 in
1932 2286 2054 2352 qua
2096 2266 2391 2334 scribitur
2429 2289 2620 2350 cyres-

402 2393 506 2436 επις
535 2377 621 2435 est
664 2373 778 2437 Lot
821 2377 878 2435 ct
919 2357 1154 2437 loeutus
1191 2379 1280 2437 est
1326 2372 1404 2435 ad
1447 2394 1716 2457 spon808,
1760 2376 1871 2456 qui
1910 2377 2217 2456 accepturi
2248 2378 2420 2436 crant
2441 2371 2623 2454 filias

404 2481 552 2541 eius,
655 2474 922 2541 necdum
983 2497 1134 2563 ergo
1192 2476 1473 2561 uirgines
1533 2476 1701 2542 filiae
1754 2476 2154 2543 matrimonio
2212 2476 2465 2541 fuerant
2511 2493 2621 2541 oo-

299 2578 374 2635 2Ο
405 2582 681 2665 pulatae.

579 2688 663 2750 Et
706 2687 867 2751 deecit
903 2690 1130 2751 eiEcce
1161 2687 1496 2751 amiratus
1535 2708 1669 2751 eum
1693 2686 1926 2766 facicm
1970 2691 2153 2750 tuam.
2242 2685 2307 2749 in
2351 2683 2622 2749 hebraeo
2664 2723 2668 2727 ⁴

405 2789 600 2857 habet
657 2813 784 2855 ecce
837 2796 1074 2875 suscepi
1105 2792 1340 2871 facicm
1389 2797 1558 2856 tuam
1572 2840 1590 2869 ,
1647 2788 1713 2853 id
1772 2791 1898 2854 est:
1960 2788 2293 2872 adquiesco
2332 2788 2623 2871 precibus

406 2894 552 2961 tuis.
654 2895 819 2978 quod
873 2894 1285 2979 Symmachus
1337 2894 1685 2961 seeundum
1742 2912 1997 2959 sensum
2054 2894 2476 2977 interpretans
2534 2894 2626 2957 ait

407 2992 629 3084 ὁράσει
674 2992 1109 3087 ἐδυσωπήθην
1151 2996 1226 3065 τὸ
1269 2993 1633 3085 πρόσωπόν
1679 3018 1815 3063 σου.

301 3104 373 3159 25
581 3104 662 3165 Et
705 3124 832 3166 ecce
867 3105 1210 3169 ascendebat
1241 3102 1508 3185 flamma
1563 3105 1637 3167 de
1681 3108 1847 3168 terra
1888 3106 2067 3186 qua-si
2098 3123 2290 3187 uapor
2336 3101 2625 3182 fornacis,

406 3222 517 3287 pro
588 3223 707 3289 quo
773 3205 1046 3290 legimus
1126 3206 1194 3271 in
1275 3207 1546 3273 hebraeo
1613 3228 1741 3271 ecce
1816 3208 2161 3272 ascendebat
2231 3210 2385 3270 citor
2456 3210 2635 3289 quasi

546 3416 581 3469 3
639 3415 749 3466 een
785 3412 869 3479 18,
906 3416 977 3470 30
1015 3414 1024 3484 ι
1068 3415 1138 3470 10
1174 3416 1283 3467 een
1323 3416 1405 3479 19,
1444 3416 1510 3470 14
1552 3419 1562 3482 ι
1608 3417 1677 3472 12
1714 3418 1824 3468 een
1862 3416 1947 3483 19,
1983 3417 2017 3471 e
2059 3417 2068 3484 ι
2106 3415 2174 3469 21
2228 3418 2338 3468 een
2375 3417 2459 3478 19,
2495 3416 2563 3470 21
2618 3412 2625 3485 ι
2731 3384 2739 3389 ’

407 3499 478 3554 25
515 3500 625 3551 Gen
665 3500 748 3563 19,
785 3501 856 3555 28

548 3696 583 3751 2
618 3695 960 3747 adulescentia
997 3714 1041 3766 φ
1072 3695 1082 3763 Ι
1111 3696 1147 3750 4
1183 3711 1695 3748 κεπκθεαιυωεοω
1732 3699 2093 3762 Ῑνίεἰηρσηείε,
2127 3712 2211 3747 »m
2246 3700 2303 3765 ty
2342 3723 2354 3736 ·
2394 3696 2595 3764 kygrye
2612 3722 2625 3736 ·

409 3797 590 3834 mco
627 3785 946 3833 berolinensis
979 3782 1174 3849 (fuerat
1208 3786 1436 3851 xyrrye)
1451 3821 1466 3847 ,
1515 3799 1657 3851 urm-y
1691 3809 1704 3823 ·
1734 3798 1939 3851 xyrrye
1979 3809 1992 3822 ·
2032 3799 2204 3835 ammo
2244 3787 2575 3847 scaplianum
2618 3784 2626 3852 Ι

412 3868 444 3921 5
479 3868 718 3933 loquutus
760 3885 805 3937 φ
835 3868 844 3934 Ι
877 3867 910 3921 5
946 3867 1094 3919 deum
1123 3886 1169 3937 φ
1200 3866 1208 3934 Ι
1241 3869 1274 3922 6
1307 3868 1511 3933 plenius
1547 3874 1639 3938 βγ,
1678 3868 1883 3933 planius
1920 3888 1966 3939 φ
1997 3867 2005 3937 Ι
2039 3870 2070 3923 7
2101 3870 2341 3934 loquutus
2367 3889 2411 3940 φ
2444 3870 2452 3936 Ι
2484 3868 2518 3923 8
2546 3886 2630 3921 re-

409 3968 602 4019 sponso
641 3964 686 4023 φ
717 3952 726 4021 Ι
761 3952 828 4009 10
862 3953 1101 4020 loquutus
1152 3974 1196 4024 φ
1229 3953 1238 4023 Ι
1271 3955 1337 4008 11
1383 3954 1497 4006 loth
1546 3959 1693 4025 βγφε
1726 3965 1899 4018 poma
1945 3959 2106 4007 tacebo
2154 3959 2215 4008 do
2261 3958 2349 4007 hoc
2390 3960 2581 4007 nomine
2620 3956 2627 4029 Ι

411 4037 481 4092 12
517 4038 816 4090 sudomenos
839 4059 940 4110 γφ,
977 4040 1240 4091 sodomeos
1274 4038 1340 4109 βΙ
1367 4040 1436 4095 15
1471 4041 1755 4093 habuerant
1783 4047 1877 4110 βγ,
1910 4042 2179 4093 habuerint
2214 4062 2260 4113 φ
2290 4040 2301 4112 Ι
2333 4042 2401 4097 16
2434 4042 2637 4094 fuerant

410 4130 464 4192 β,
499 4124 704 4175 fuerunt
739 4144 791 4193 γ,
829 4124 1021 4177 fuerint
1057 4144 1102 4196 φ
1132 4124 1142 4193 Ι
1176 4124 1242 4179 18
1275 4127 1514 4193 loquutus
1546 4146 1593 4197 (ρ
1624 4124 1634 4197 Ι
1663 4126 1728 4182 21
1764 4128 2041 4180 admiratus
2074 4146 2139 4196 y,
2176 4128 2471 4179 ammiratus
2509 4134 2590 4199 βφ
2620 4128 2629 4197 Ι

412 4210 484 4265 24
516 4225 687 4261 mrem
705 4236 718 4249 ·
738 4224 1089 4263 9Δ10011π9ω11
1109 4238 1121 4253 ·
1140 4227 1507 4281 roewnoucoy
1538 4217 1870 4279 berolinensis,
1908 4219 1966 4266 in
2001 4232 2093 4279 quo
2128 4230 2165 4266 n
2204 4224 2321 4267 ante
2356 4233 2399 4265 π
2428 4218 2636 4279 spongia

413 4298 636 4347 aelmon.
707 4311 1516 4352 oranmaroounomouro‘ronou
1554 4316 1649 4371 coy
1672 4303 1897 4367 scaphae.
1966 4316 2069 4367 opa
2086 4327 2098 4340 ·
2116 4300 2291 4368 exedyc
2325 4315 2633 4353 munuum-o

415 4397 817 4453 npoewnoucoy
841 4388 1170 4451 fiieinqemie
1209 4387 1220 4455 Ι
1262 4383 1333 4443 25
1370 4391 1422 4438 et
1456 4393 1526 4445 >
1561 4405 1609 4458 φ
