3169 4941
548 410 652 469 122
1491 422 1719 478 Genesis
1750 424 1837 478 31.

548 579 660 647 καὶ
715 578 857 648 ἰδοὺ
918 576 1038 649 οὔκ
1094 576 1168 673 ἦν
1225 582 1394 671 πρὸς
1446 581 1641 651 αὐτὸν
1696 581 1853 650 ὡσεὶ
1892 583 2060 665 χθὲς
2088 582 2213 665 ,καὶ
2254 582 2473 672 τρίτην
2518 581 2772 672 ἡμέραν.
2813 604 2837 649 1

554 687 582 727 ³
599 677 750 751 εἶπε
796 686 870 753 δὲ
924 682 1140 775 κύριος
1183 687 1350 775 πρὸς
1392 684 1635 773 Ἰακώβ
1674 685 2139 777 Άποστρέφου
2196 684 2289 767 εἷς
2341 688 2456 777 τὴν
2500 694 2616 776 γῆν
2658 692 2773 753 τοῦ

548 785 803 877 πατρός
860 811 976 857 σου
1036 791 1145 859 καὶ
1205 789 1300 871 εἰς
1341 792 1454 881 τὴν
1487 790 1707 879 γενεάν
1752 814 1870 860 σου
1885 844 1902 875 ,
1978 790 2089 859 καὶ
2152 789 2388 877 ἔσομαι
2432 789 2596 876 μετὰ
2642 796 2775 859 σοῦ.

555 898 584 937 ⁴
609 885 1009 975 ἀποστείλας
1078 894 1152 963 δὲ
1205 892 1447 981 Ἰακὼβ
1505 894 1773 963 ἐκάλεσε
1828 892 2049 963 Λείαν
2108 894 2221 963 καὶ
2266 893 2492 984 Ῥαχὴλ
2546 892 2639 974 εἰς
2696 894 2773 961 τὸ

548 994 806 1081 πεδίον,
861 992 937 1066 οὗ
993 994 1068 1090 ἦν
1112 1000 1196 1067 τὰ
1240 999 1544 1085 ποίμνια,
1629 998 1779 1067 5καὶ
1823 994 2011 1067 εἶπεν
2070 997 2306 1080 αὐταῖς,
2324 996 2488 1087 Ὁρῶ
2530 995 2655 1085 ἐγὼ
2696 998 2773 1067 τὸ
2810 1020 2841 1067 5

547 1100 909 1191 πρόσωπον
981 1112 1095 1171 τοῦ
1159 1104 1410 1191 πατρὸς
1463 1102 1641 1189 ὑμῶν
1686 1102 1804 1172 ὅτι
1862 1098 1977 1171 οὗκ
2038 1100 2183 1171 ἔστι
2242 1103 2413 1191 πρὸς
2464 1102 2622 1188 ἐμοῦ
2684 1100 2775 1181 ὡς

547 1204 744 1289 ἐχθὲς
784 1206 896 1273 καὶ
931 1206 1147 1297 τρίτην
1188 1206 1426 1298 ἡμέραν
1441 1233 1454 1246 ·
1511 1207 1550 1276 ὁ
1594 1208 1667 1276 δὲ
1707 1209 1871 1288 θεὸς
1912 1217 2028 1275 τοῦ
2076 1204 2332 1297 πατρός
2370 1232 2495 1293 μου
2532 1201 2609 1297 ἦν
2636 1200 2801 1291 μετ’·

547 1309 724 1396 ἐμοῦ.
791 1310 942 1378 6καὶ
983 1305 1175 1379 αὐταὶ
1217 1312 1290 1380 δὲ
1334 1308 1555 1380 οἴδατε
1603 1312 1705 1380 ὅτι
1750 1313 1819 1380 ἐν
1856 1308 2040 1401 πάσῃ
2085 1317 2164 1403 τῇ
2193 1308 2368 1395 ἰσχύι
2394 1337 2519 1397 μου
2547 1306 2773 1379 δεδού-

547 1414 742 1481 λευκα
782 1422 877 1503 τῷ
920 1415 1124 1505 πατρὶ
1164 1413 1350 1501 ὑμῶν.
1451 1415 1524 1484 ’ῖὸ
1554 1416 1629 1484 δὲ
1658 1417 1875 1506 πατὴρ
1916 1413 2093 1502 ὑμῶν
2137 1411 2629 1503 παρεκρούσατό
2669 1440 2770 1498 με,

548 1519 660 1586 καὶ
701 1516 930 1609 ήλλαξε
976 1521 1089 1587 τὸν
1139 1516 1390 1606 μισθόν
1431 1547 1554 1606 μου
1596 1526 1725 1589 τῶν
1766 1521 1927 1588 δέκα
1964 1517 2217 1605 αμνῶν,
2288 1519 2402 1587 καὶ
2446 1516 2563 1587 οὐκ
2608 1516 2770 1587 ε’δω-
2814 1539 2879 1585 10

547 1648 658 1689 κεν
715 1616 889 1711 αὐτῷ
945 1620 982 1690 ὁ
1038 1622 1202 1703 θεὸς
1254 1622 1697 1714 κακοποιῆσαί
1750 1649 1849 1708 με.
1966 1622 2048 1667 ⁸
2016 1623 2128 1691 εὰν
2182 1621 2385 1703 οὕτως
2448 1620 2608 1713 είπῃ
2672 1622 2777 1687 Τὰ

548 1723 890 1795 ποικίλα’
863 1724 1049 1794 ε’σται
1093 1750 1212 1795 σου
1253 1726 1535 1812 μισθόςε
1592 1726 1705 1794 καὶ
1745 1728 1999 1809 τέξεται
2055 1726 2274 1793 πάντα
2328 1726 2413 1793 τὰ
2469 1722 2775 1815 πρόβατα

547 1828 822 1897 ποικίλα
837 1854 850 1868 ·
900 1826 1014 1898 ἐὰν
1058 1832 1132 1900 δὲ
1173 1829 1334 1921 εἴπῃ
1371 1832 1474 1899 Τὰ
1509 1832 1699 1899 λευκὰ
1747 1828 1935 1899 ἔσται
1978 1853 2097 1899 σου
2130 1826 2413 1916 μισθόςε
2454 1830 2564 1897 καὶ
2592 1829 2773 1911 τέξε-

547 1959 658 2002 ται
700 1930 916 2001 πάντα
957 1934 1042 2001 τὰ
1083 1936 1386 2023 πρόβατα
1430 1935 1635 2003 λευκά.
1733 1936 1883 2003 θκαὶ
1925 1928 2231 2025 ἀφείλετο
2270 1932 2307 2002 ὃ
2352 1934 2518 2013 θεὸς
2556 1929 2773 2001 πάντα

547 2039 632 2105 τὰ
674 2038 862 2127 κτήνη
906 2044 1021 2107 τοῦ
1064 2039 1318 2129 πατρὸς
1357 2037 1533 2125 ὑμῶν
1575 2038 1689 2107 καὶ
1734 2037 1939 2107 ἔδωκε’
1980 2065 2097 2126 μοι
2141 2032 2329 2110 αὗτά.
2421 2037 2603 2105 ιοκαὶ
2632 2036 2773 2125 ἐγέ-
2813 2058 2879 2104 15

549 2166 720 2234 νετο,
761 2141 949 2231 ἡνίκα
990 2141 1339 2211 ἐνεκίσσων
1368 2144 1452 2211 τὰ
1481 2139 1789 2233 πρόβατα
1830 2143 1897 2211 ἐν
1925 2143 2154 2233 γαστρὶ
2182 2138 2613 2230 λαμβάνοντα,
2660 2142 2777 2210 καὶ

547 2240 722 2314 εἶδον
755 2251 900 2327 τοῖς
935 2242 1316 2336 ὀφθαλμοῖς
1355 2274 1480 2334 μου
1537 2247 1607 2316 ἐν
1648 2254 1742 2337 τῷ
1784 2246 2001 2336 ὕπνῳ,
2076 2247 2187 2315 καὶ
2242 2245 2385 2315 ἰδοὺ
2443 2244 2507 2315 οἱ
2550 2246 2775 2336 τράγοι

549 2350 660 2418 καὶ
717 2348 783 2417 οἱ
847 2351 1020 2441 κριοὶ
1074 2345 1529 2438 ἀναβαίνοντες
1579 2352 1699 2421 ἐπὶ
1746 2352 1831 2419 τὰ
1886 2347 2193 2441 πρόβατα
2250 2351 2363 2419 καὶ
2418 2351 2536 2431 τὰς
2586 2344 2777 2437 αἶγας

547 2450 874 2522 διάλευκοι
917 2453 1028 2523 καὶ
1073 2454 1370 2525 ποικίλοι
1428 2456 1542 2526 καὶ·
1600 2458 2018 2536 σποδοειδεῖς
2056 2451 2295 2545 ραντοί.
2388 2460 2446 2499 ¹²
2465 2453 2576 2523 καὶ
2618 2448 2774 2524 εἶπέ

543 2583 658 2644 μοι
699 2556 738 2628 ὃ
794 2557 1059 2645 ἄγγελος
1111 2565 1226 2627 τοῦ
1274 2568 1438 2629 θεοῦ
1499 2554 1655 2628 καθ’
1711 2559 1920 2629 ῧπνον
1958 2555 2216 2646 Ἰακώβ.
2291 2557 2416 2647 ἐγώ
2478 2559 2553 2628 δὲ
2610 2553 2771 2628 εἶπα
2806 2583 2876 2628 20

690 2712 719 2763 1
758 2729 851 2762 και
887 2710 1014 2762 ιδου
1050 2708 1370 2781 Aabomtyz,
1408 2730 1494 2764 οτι
1519 2711 1564 2764 Ε
1598 2713 1607 2776 Ι
1640 2713 1671 2766 1
1710 2729 1848 2784 προς
1884 2712 2075 2778 αυτον]
2114 2725 2421 2778 προσωπον
2459 2729 2629 2764 αυτου
2664 2711 2765 2780 ay!

548 2796 578 2850 1
615 2811 748 2849 ωσει
778 2801 923 2864 χθες
953 2794 1084 2865 aby,
1121 2816 1192 2856 ως
1227 2803 1387 2866 εχθες
1421 2796 1547 2860 ΔΕ,
1584 2815 1657 2855 ως
1685 2803 1827 2866 χθες
1860 2799 1999 2852 omtz
2029 2797 2037 2865 Ι
2070 2797 2104 2850 2
2142 2813 2303 2850 ειπεν
2325 2794 2485 2849 AEt1
2515 2798 2525 2863 Ι
2555 2796 2643 2863 2]ss
2670 2816 2769 2850 του

547 2901 758 2956 πατρος
789 2898 952 2938 manu
985 2883 1162 2951 prima
1199 2884 1258 2937 in
1291 2899 1482 2937 rasura
1514 2881 1563 2935 A
1579 2927 1593 2947 ‚
1640 2882 1831 2938 literae
1864 2903 1894 2936 τ
1932 2903 1965 2935 υ
1982 2927 1996 2948 ,
2031 2884 2095 2937 ut
2128 2881 2345 2936 uidetm·
2364 2922 2377 2947 ,
2414 2882 2473 2936 in
2504 2883 2649 2938 corio
2682 2883 2769 2936 in-

543 2971 688 3024 tacto
732 2972 740 3035 Ι
781 2970 816 3024 3
852 2988 946 3021 και
983 2985 1182 3040 εσομαι
1215 2987 1356 3039 μετα
1394 2983 1495 3022 σου
1530 2979 1598 3028 >
1635 2969 1679 3022 Ε
1724 2973 1733 3035 Ι
1776 2970 1809 3024 4
1848 2972 2107 3024 εκαλεσεν
2147 2967 2341 3037 AEt11
2385 2970 2422 3023 4
2456 2972 2631 3043 ραχηλ
2672 2989 2769 3024 και

545 3054 739 3109 λιανΑ
769 3058 779 3120 Ι
808 3053 845 3108 4
869 3057 1096 3109 λιανῐῐιι
1121 3053 1346 3125 [E=b]
1379 3055 1390 3124 Ι
1418 3057 1454 3111 4
1480 3060 1678 3127 ραχιηλ
1704 3072 1733 3109 z
1764 3055 1773 3123 Ι
1804 3056 1839 3110 5
1862 3056 2094 3108 παιδιον
2118 3053 2167 3107 A
2198 3059 2207 3122 Ι
2237 3055 2272 3110 5
2308 3074 2375 3122 ην
2398 3065 2466 3114 >
2490 3055 2718 3124 Aamtyz
2758 3055 2767 3126 Ι

545 3141 578 3194 5
615 3159 803 3198 auree-s·
838 3157 906 3210 ay
952 3142 961 3205 Ι
1011 3141 1046 3194 5
1087 3160 1118 3192 ο
1152 3141 1302 3195 uocis
1351 3159 1414 3194 το
1462 3147 1629 3197 manu,
1674 3141 1850 3210 prima
1891 3142 1949 3194 in
1981 3157 2171 3195 rasura
2210 3140 2259 3194 A
2328 3141 2337 3210 Ι
2402 3145 2437 3198 6
2473 3159 2635 3211 ημων
2670 3142 2715 3194 E
2756 3141 2765 3210 Ι

544 3228 580 3280 6
616 3242 765 3279 εστιν
801 3225 958 3279 AEt1
1009 3227 1018 3293 Ι
1071 3228 1106 3281 6
1141 3245 1278 3301 προς
1312 3225 1597 3292 Eabomtz‚
1634 3246 1737 3298 μετ
1767 3228 1816 3282 A
1846 3229 1855 3296 Ι
1900 3231 1934 3284 6
1974 3245 2074 3300 εμε
2108 3228 2253 3296 anz
2286 3228 2293 3296 Ι
2333 3228 2365 3281 7
2397 3233 2540 3297 χθες
2576 3231 2715 3282 omtz
2756 3227 2763 3298 Ι

543 3313 578 3367 8
611 3331 678 3386 τῃ
713 3321 780 3371 >
813 3311 938 3366 AEc
977 3313 984 3381 Ι
1024 3312 1110 3382 819
1149 3314 1453 3366 εδουλευσα
1490 3315 1536 3367 Ε
1575 3317 1584 3381 Ι
1632 3315 1665 3368 9
1706 3329 2128 3387 παρεκρουσατο
2164 3313 2483 3383 Anbcmtyz,
2522 3318 2768 3387 παρελο-

543 3414 744 3468 γισατο
783 3399 827 3452 Ε
856 3439 870 3452 .
919 3399 1164 3468 „Aquila
1193 3401 1250 3454 et
1289 3398 1639 3468 Symmachus
1677 3405 2085 3473 παρελογισατο
2128 3405 2249 3470 με’(
2284 3399 2319 3454 b
2378 3401 2387 3468 Ι
2456 3402 2527 3456 10
2564 3403 2769 3459 ακυλας
2872 3458 2879 3463 ,

545 3491 658 3538 Και
693 3487 888 3551 ηλλαξε
921 3503 1023 3552 την
1055 3491 1349 3556 μισθωσιν
1383 3506 1496 3556 μου
1536 3487 1671 3539 δεκα
1725 3492 2035 3556 αριθμους.
2087 3500 2383 3557 συμμαχος
2419 3491 2533 3538 Και
2570 3488 2767 3552 ηλλαξε

544 3588 641 3623 τον
690 3578 906 3654 μισθον
946 3591 1060 3644 μου
1110 3572 1330 3631 δεκακις
1377 3579 1603 3648 αριθμω
1645 3589 1701 3625 m
1754 3572 1813 3625 in
1864 3572 2276 3626 commentario·
2330 3611 2363 3636 „
2381 3569 2581 3640 Aquila
2629 3571 2767 3626 δεκα

545 3663 851 3731 αριθμους,
891 3657 1242 3728 Symmachus
1285 3660 1504 3719 δεκακις
1537 3666 1785 3734 αριθμῳ.
1822 3657 2087 3712 Eusebius
2124 3679 2154 3710 ο
2179 3674 2342 3730 συρος
2378 3658 2605 3717 δεκακις
2643 3677 2769 3712 αντε

542 3762 648 3796 του
692 3746 1002 3803 πολλακιςιί
1040 3743 1074 3798 b
1140 3745 1149 3814 Ι
1219 3745 1287 3799 10
1321 3748 1552 3812 ηλλαξεν
1587 3745 1705 3809 ΑΕ,
1766 3749 1929 3812 ηλαξε
1973 3761 2003 3800 ο
2050 3746 2061 3814 Ι
2116 3748 2182 3801 11
2232 3745 2357 3813 post
2400 3751 2532 3803 θεος
2566 3745 2632 3811 -Ι-
2670 3762 2771 3796 του

545 3846 752 3902 πατρος
795 3850 914 3902 μου
949 3847 1019 3901 ay
1067 3832 1074 3900 Ι
1126 3831 1192 3884 12
1241 3845 1378 3884 εστω
1437 3849 1534 3884 σοι
1577 3833 1660 3885 mt
1736 3832 1747 3902 Ι
1820 3833 1887 3886 13
1944 3841 2012 3890 >
2062 3849 2091 3884 z
2167 3834 2176 3897 Ι
2244 3831 2311 3884 13
2354 3832 2615 3883 ποικειλα
2662 3829 2706 3882 Ε
2759 3827 2767 3898 Ι

547 3916 613 3970 13
648 3933 802 3969 εσται
839 3931 930 3970 σοι
955 3920 1037 3971 mt
1065 3917 1076 3988 Ι
1109 3918 1176 3972 14
1215 3933 1385 3986 usque
1410 3917 1481 3972 ad
1511 3925 1763 3991 προβατα
1803 3918 1923 3987 [hoo
1956 3917 2183 3986 incluso]
2209 3925 2276 3975 >
2295 3934 2323 3968 z
2353 3919 2365 3984 Ι
2399 3917 2464 3970 14
2490 3919 2765 3986 αφειλατο

543 3999 694 4066 AEz,
734 4007 967 4074 αφειλεν
1003 4020 1032 4059 ο
1099 4007 1110 4071 Ι
1179 4005 1246 4059 15
1280 4024 1349 4057 τα
1403 4022 1570 4071 κτηνη
1608 4022 1676 4056 τα
1713 4023 1810 4058 του
1849 4023 1877 4056 z
1899 4009 1942 4068 1,
2003 4007 2068 4058 ut
2101 4002 2347 4057 uidetur:
2394 4002 2571 4071 prima
2604 4017 2772 4056 manu

544 4091 813 4143 mutatum
849 4089 907 4142 in
951 4110 1018 4142 τα
1055 4109 1308 4161 κτηματα
1342 4109 1440 4142 του
1495 4091 1504 4158 Ι
1562 4090 1629 4145 15
1664 4090 1869 4144 εδωκεν
1896 4089 1989 4144 ΑΕ
2044 4090 2053 4157 Ι
2110 4091 2175 4144 16
2212 4090 2437 4142 ἔκισσον
2478 4107 2505 4140 z
2549 4090 2559 4152 Ι
2607 4089 2675 4143 16
2710 4105 2772 4141 εν

544 4190 747 4248 γαστρι
786 4178 1145 4245 λαμβανοντα
1170 4175 1482 4246 >Aamtyz
1513 4179 1522 4242 Ι
1555 4177 1622 4228 17
1648 4176 1753 4229 init
1783 4175 2020 4229 ιδονΑΕ
2052 4177 2061 4244 Ι
2093 4177 2159 4229 17
2198 4177 2323 4230 ante
2362 4193 2481 4234 τοις
2505 4176 2571 4241 -Ι-
2599 4191 2659 4227 εν
2680 4172 2731 4228 A
2759 4173 2767 4244 Ι

547 4260 613 4314 17
649 4280 768 4329 μου
807 4271 875 4320 >
909 4259 1102 4332 Aanz
1133 4262 1142 4332 Ι
1176 4263 1241 4317 17
1281 4264 1408 4318 ante
1446 4279 1506 4315 εν
1542 4264 1607 4329 -Ι-
1644 4281 1783 4315 αυτα
1820 4262 2045 4330 Eacmty
2075 4261 2083 4329 Ι
2119 4260 2185 4314 18
2222 4263 2350 4314 ante
2386 4279 2481 4313 επι
2520 4261 2585 4327 -Ι-
2622 4275 2770 4326 ησαν

541 4343 744 4398 AEmtz
761 4345 770 4414 Ι
789 4348 857 4400 19
876 4366 969 4400 και
987 4351 1398 4416 ποικιλοι>αγ
1417 4347 1424 4417 Ι
1445 4348 1512 4402 19
1529 4348 1771 4407 σποδεῖς
1788 4347 1899 4408 z²P3
1916 4347 2034 4400 δοει
2063 4346 2183 4400 heio
2202 4348 2267 4400 ut
2285 4346 2405 4410 121,
2424 4345 2461 4400 4
2491 4346 2636 4401 linea
2668 4345 2771 4402 sub

541 4446 703 4484 uersu
723 4431 883 4488 dueta
901 4432 1136 4488 deletum
1167 4437 1174 4502 Ι
1207 4434 1276 4488 19
1297 4449 1455 4487 ειπεν
1476 4433 1599 4488 AEt
1614 4439 1633 4468 ¹
1664 4434 1671 4502 Ι
1704 4433 1777 4490 20
1796 4439 1969 4501 ιακωβ
1987 4439 2160 4501 ιακωβ
2181 4431 2389 4488 AEomt
2416 4432 2423 4503 Ι
2445 4433 2517 4490 20
2534 4449 2697 4488 ειπον
2716 4449 2774 4488 oz
