3169 4941
595 454 700 508 100
1551 447 1775 505 Genesis
1810 446 1897 503 26.

592 612 796 698 μέγας
837 608 1088 698 ἐγένετο
1131 603 1406 698 σφόδρα.
1501 606 1825 695 14ἐγένετο
1879 606 1954 675 δὲ
1994 600 2168 696 αὐτῷ
2220 601 2414 696 κτήνη
2461 601 2816 696 προβάτων
2853 624 2878 668 1

592 716 704 783 καὶ
761 712 955 803 κτήνη
1007 718 1180 799 βοῶν
1231 712 1342 779 καὶ
1384 708 1657 802 γεώργια
1714 707 1953 785 πολλά.
2030 706 2354 801 ἐζήλωσαν
2398 710 2471 778 δὲ
2514 707 2707 779 αὐτὸν
2753 708 2817 777 οἶ

601 814 982 900 Φυλιστιείμ
995 840 1009 855 ·
1085 816 1266 883 Ιῦκαὶ
1328 811 1550 883 πάντα
1604 816 1689 881 τὰ
1742 814 2014 905 φρέατα,
2068 808 2111 881 ἃ
2156 811 2401 903 ὤρυξαν
2459 811 2523 881 οἱ
2581 816 2820 893 παῖδες

592 930 708 992 τοῦ
749 919 1002 1012 πατρὸς
1046 918 1240 987 αὐτοῦ
1283 920 1351 987 ἕν
1392 925 1487 1009 τῷ
1523 919 1731 1009 χρόνῳ
1772 924 1887 987 τοῦ
1916 915 2167 1007 πατρὸς
2196 911 2419 1003 αὐτοῦ,
2464 917 2817 1008 ἐνέφραξαν

594 1025 756 1096 αὐτὰ
799 1022 864 1093 οἳ
913 1024 1296 1110 Φυλιστιεὶμ
1339 1024 1454 1091 καὶ
1499 1021 1792 1113 ἔπλησαν
1822 1015 1988 1090 αὖτὰ
2028 1028 2158 1111 γῆς.
2255 1027 2314 1065 ¹⁶
2327 1016 2478 1090 εἶπε
2522 1021 2596 1090 δὲ
2629 1022 2816 1108 ,Ἀβι-
2850 1039 2882 1083 5

591 1130 785 1217 μέλεχ
832 1128 1005 1219 πρὸς
1041 1120 1256 1195 Ἰσαὰκ
1292 1125 1593 1195 Ἄπελθε
1643 1120 1759 1215 ἀφ’
1786 1125 1964 1218 ἡμῶν
1980 1180 1997 1211 ,
2044 1124 2148 1195 ὅτι
2177 1121 2607 1214 δυνατώτερος
2638 1124 2815 1217 ἡμῶν

593 1235 822 1323 ἐγένου»
866 1231 1140 1323 σφόδρα.
1239 1238 1262 1273 ¹
1275 1237 1299 1274 ⁷
1314 1232 1427 1299 καὶ
1471 1224 1777 1321 άπῆλθεν
1838 1231 2100 1298 ἐκεῖθεν
2136 1223 2351 1297 Ἰσαὰκ
2397 1231 2511 1299 καὶ
2550 1231 2817 1299 κατέλυ-

595 1362 702 1407 σεν
761 1338 830 1405 ἓν
885 1344 966 1427 τῇ
1017 1336 1299 1427 φάραγγι
1357 1336 1666 1425 Γεράρων
1680 1390 1698 1420 ,
1782 1336 1895 1404 καὶ
1954 1334 2324 1425 κατῴκησεν
2384 1332 2537 1405 ἐκεῖ.
2635 1335 2819 1403 18καὶ

595 1439 799 1511 πάλιν
835 1439 1055 1509 Ἰσαὰκ
1097 1437 1297 1529 ὤρυξε
1336 1440 1419 1507 τὰ
1459 1440 1713 1529 φρέατα
1740 1446 1860 1508 τοῦ
1883 1438 2117 1520 ὓδατος
2130 1493 2147 1521 ,
2187 1434 2233 1506 ἃ
2263 1435 2510 1527 ὤρυξαν
2550 1436 2615 1506 οἱ
2658 1445 2820 1506 παῖ-

596 1548 704 1626 δες
741 1543 1043 1634 ,Ἀβραὰμ
1085 1550 1202 1611 τοῦ
1243 1542 1498 1632 πατρὸς
1536 1536 1731 1612 αὐτοῦ
1774 1545 1886 1613 καὶ
1930 1542 2280 1633 ἐνέφραξαν
2324 1535 2488 1609 αὖτὰ
2513 1540 2581 1610 οἱ
2616 1545 2819 1610 Φυλι-
2858 1551 2921 1596 10

597 1650 818 1735 στιεὶμ
855 1648 1018 1733 μετὰ
1057 1646 1135 1717 τὸ
1179 1640 1550 1715 ἀποθανεῖν
1591 1645 1892 1739 Ἀβραὰμ
1954 1646 2065 1717 τὸν
2109 1646 2368 1736 πατέρα
2412 1639 2608 1715 αὐτοῦ
2626 1667 2639 1680 ·
2705 1648 2819 1715 καὶ

597 1752 1023 1838 ἐπωνόμασεν
1065 1744 1290 1831 αὐτοῖς
1325 1743 1615 1838 ὄνόματα
1658 1752 1826 1820 κατὰ
1870 1752 1951 1820 τὰ
1997 1744 2301 1837 ὀνόματα,
2344 1746 2386 1818 ἃ
2415 1743 2751 1836 ὠνόμασεν
2781 1748 2820 1821 ὃ

596 1857 813 1947 πατὴρ
865 1850 1084 1923 αὐτοῦ.
1149 1860 1208 1899 ¹⁹
1225 1856 1339 1924 καὶ
1399 1852 1643 1944 ὤρυξαν
1685 1853 1750 1923 οἳ
1788 1858 2025 1936 παῖδες
2064 1848 2274 1922 Ἰσαὰκ
2319 1854 2389 1923 έν
2424 1861 2508 1945 τῇ
2534 1854 2821 1945 φάραγγι

598 1956 927 2049 Γεράρων,
973 1959 1088 2027 καὶ
1131 1950 1312 2048 εὗρον
1353 1956 1491 2028 ἐκεῖ
1531 1958 1737 2049 φρέαρ
1778 1952 2011 2039 ὕδατος
2056 1960 2306 2041 ζῶντος.
2368 1959 2550 2027 Ξοκαὶ
2582 1957 2817 2044 ἐμαχέ-

597 2086 798 2131 σαντο
872 2059 937 2130 οἱ
1011 2062 1323 2147 ποιμένες
1393 2060 1693 2153 Γεράρων
1752 2064 1916 2149 μετὰ
1989 2069 2135 2159 τῶν
2187 2062 2516 2149 ποιμένων
2582 2062 2818 2148 Ἰσαάκ,
2857 2074 2920 2120 15

597 2162 960 2257 φάσκοντες
999 2163 1209 2233 αὐτῶν
1251 2159 1422 2233 εἶναι
1464 2166 1538 2236 τὸ
1581 2165 1751 2255 ὕδωρ
1768 2189 1784 2204 ·
1840 2167 1952 2234 καὶ
1989 2162 2299 2235 ἐκάλεσαν
2344 2166 2421 2236 τὸ
2468 2162 2669 2252 ὄνομα
2708 2172 2823 2234 τοῦ

600 2269 884 2360 φρέατος
909 2262 1201 2337 Ἀδικία·
1260 2262 1566 2360 ἠδίκησαν
1609 2272 1733 2359 γὰρ
1775 2263 1990 2339 αὐτόν.
2074 2266 2405 2361 Ήᾶπάρας
2446 2271 2519 2340 δὲ
2562 2272 2822 2340 ἐκεῖθεν

598 2370 799 2463 ὤρυξε
847 2372 1057 2463 φρέαρ
1091 2372 1336 2463 ’ἕτερον
1351 2396 1366 2411 ·
1432 2371 1759 2463 ἐκρίνοντο
1825 2374 1899 2443 δὲ
1966 2375 2076 2443 καὶ
2134 2374 2291 2465 περὶ
2354 2374 2599 2444 ἐκείνου
2618 2429 2635 2460 ,
2709 2375 2823 2443 καὶ

600 2651 810 2715 ηυξηθη
846 2648 891 2701 Ε
929 2649 939 2717 Ι
994 2649 1064 2703 18
1097 2649 1292 2720 μειζον
1351 2648 1398 2701 Ε
1462 2647 1471 2717 Ι
1538 2649 1607 2704 18
1643 2666 1859 2720 εγινετο
1910 2649 2011 2704 AD
2048 2650 2214 2720 [teste
2248 2649 2472 2720 Grabio]
2521 2653 2531 2719 Ι
2580 2650 2698 2719 1811
2725 2668 2823 2710 εως

603 2753 672 2786 ου
707 2751 888 2806 μεγας
923 2750 1137 2804 εγενετο
1174 2742 1243 2792 >
1279 2750 1308 2786 z

743 2822 774 2875 1
808 2819 915 2874 init
947 2837 1159 2890 εγινετο
1195 2817 1244 2872 Α
1293 2819 1302 2886 Ι
1358 2821 1389 2874 1
1428 2838 1574 2890 αυτῳ
1610 2820 1895 2886 Eabcmtz,
1935 2842 2071 2890 αυτη
2105 2821 2155 2876 A
2208 2824 2217 2891 Ι
2256 2823 2290 2876 2
2321 2842 2416 2877 και
2452 2824 2602 2892 prius
2635 2831 2705 2882 >
2739 2841 2767 2876 z
2810 2824 2820 2894 Ι

601 2906 692 2976 213
730 2925 877 2959 amm
923 2925 978 2960 οι
1026 2907 1337 2977 ‹polam-capa
1387 2922 1442 2960 m
1457 2945 1470 2970 ,
1525 2927 1696 2961 αυτωι
1747 2927 1802 2961 οι
1859 2911 2181 2981 φυλιστιειμ
2221 2912 2250 2964 t
2265 2950 2279 2975 ,
2340 2927 2521 2964 αυτων
2563 2930 2619 2963 οι
2668 2912 2823 2981 φιλι-

601 3006 792 3061 στιειμ
826 3009 857 3046 z
886 2994 897 3058 Ι
926 2992 963 3045 4
996 3011 1093 3045 του
1128 3009 1338 3067 πατρος
1371 2992 1520 3061 prius
1543 3002 1613 3053 >
1628 2994 1679 3047 D
1707 2994 1825 3065 [GR]
1850 2995 1966 3066 an
1997 3000 2008 3064 Ι
2037 2996 2074 3050 4
2096 2999 2222 3065 post
2258 3017 2426 3051 αυτ-ου
2448 2995 2601 3065 prius
2621 2998 2686 3065 -Ι-
2706 3013 2822 3050 sve-

600 3080 827 3148 φραξαν
859 3097 999 3130 ama
1035 3093 1095 3142 c,
1138 3069 1272 3148 qliae
1305 3081 1495 3147 postea
1516 3079 1726 3135 omiffit
1754 3083 1763 3150 Ι
1792 3081 1829 3135 4
1868 3100 1929 3136 εν
1962 3101 2037 3153 τῳ
2064 3101 2252 3158 χρονῳ
2286 3103 2384 3136 του
2420 3102 2632 3158 πατρος
2654 3101 2825 3136 αυτου

603 3171 672 3221 >
694 3164 722 3216 t
751 3162 760 3231 Ι
789 3162 1164 3238 4Ροείῑχρονῳ
1192 3166 1256 3232 -Ι-
1278 3172 1506 3239 αβρααμ
1529 3183 1558 3218 z
1588 3167 1599 3235 Ι
1630 3169 1665 3224 5
1700 3170 2016 3240 φιλιστιειμ
2042 3187 2069 3221 z
2100 3173 2109 3236 Ι
2140 3171 2175 3226 5
2200 3187 2357 3223 ειπεν
2379 3169 2529 3224 AEt¹
2559 3169 2568 3239 Ι
2598 3171 2633 3224 6
2656 3167 2823 3242 προς]

603 3267 678 3302 τω
701 3263 758 3300 m
787 3251 798 3314 Ι
829 3249 864 3302 6
881 3261 1050 3303 ισαακ
1081 3250 1366 3307 recentiori
1396 3254 1695 3307 atramento
1728 3269 1888 3323 super
1914 3255 2169 3326 antiquas
2195 3257 2384 3312 literas
2409 3254 2589 3311 nescio
2615 3271 2748 3326 quas
2766 3254 2825 3309 in

600 3349 791 3400 rasura
823 3350 880 3387 m
923 3335 932 3402 Ι
978 3336 1010 3388 7
1045 3350 1216 3390 ισαακ
1258 3340 1561 3420 εκειθενᾯ
1589 3340 1706 3410 [un]
1732 3356 1762 3394 c
1807 3342 1816 3409 Ι
1861 3341 1949 3411 718
1991 3346 2293 3397 κατελυσεν
2325 3342 2613 3406 Aabemtz,
2650 3361 2822 3396 κατω-
2908 3343 2913 3348 “

605 3434 770 3486 κησεν
808 3420 855 3473 Ε
921 3419 930 3490 Ι
995 3421 1031 3474 8
1066 3441 1160 3475 και
1208 3439 1518 3490 κατωκησεν
1553 3443 1665 3479 εκει
1701 3435 1770 3485 >
1802 3427 1849 3480 Ε
1866 3467 1879 3492 ,
1936 3447 2032 3481 και
2066 3443 2478 3496 κατεσκηνωσεν
2525 3446 2639 3484 εκει
2686 3443 2755 3499 ay
2811 3427 2821 3497 Ι

603 3505 639 3559 9
675 3509 878 3580 ωρυξεν
918 3504 1094 3562 AEmt
1130 3507 1140 3574 Ι
1185 3507 1220 3561 9
1253 3511 1382 3564 ante
1416 3529 1486 3563 τα
1523 3511 1589 3578 -Ι-
1630 3529 1739 3565 εκει
1774 3515 1858 3567 mt
1902 3514 1910 3582 Ι
1952 3513 1987 3567 9
2026 3514 2086 3584 α]
2124 3535 2155 3568 ο
2186 3530 2222 3569 a
2260 3516 2270 3584 Ι
2320 3516 2477 3583 10111
2514 3530 2649 3585 quae
2683 3515 2827 3569 inter

603 3611 698 3645 και
730 3593 798 3648 10
833 3596 890 3648 et
931 3614 1099 3648 αυτου
1138 3597 1204 3652 11
1237 3597 1439 3663 media,
1478 3609 1547 3658 >
1583 3600 1635 3654 D
1662 3591 1888 3670 [antiq-l
1921 3603 2076 3670 10111
2113 3604 2423 3676 φιλιστιειμ
2458 3620 2486 3655 z
2548 3603 2557 3671 Ι
2628 3604 2694 3658 11
2729 3619 2826 3654 τον

601 3687 670 3738 >
698 3693 732 3732 a
763 3678 773 3747 Ι
806 3679 875 3732 12
898 3679 1002 3734 init
1025 3698 1384 3755 επονομασεν
1416 3684 1491 3738 ΕΖ
1523 3687 1532 3754 Ι
1567 3685 1633 3739 12
1669 3705 1808 3740 κατα
1840 3706 1911 3740 τα
1946 3706 2196 3760 ονοματα
2220 3696 2287 3749 >
2312 3689 2363 3743 D
2390 3688 2507 3759 [GR]
2532 3707 2588 3753 z,
2626 3707 2721 3742 και
2758 3707 2826 3741 ’τα

615 3781 870 3834 ονοματα
904 3780 974 3835 ay
1004 3768 1014 3835 Ι
1058 3767 1124 3820 12
1161 3784 1438 3838 ονομασεν
1472 3789 1528 3836 z,
1565 3789 1931 3844 επωνομασεν
1963 3774 2015 3829 D
2042 3775 2159 3845 [GR]
2184 3775 2313 3830 Emt
2357 3777 2365 3844 Ι
2419 3776 2486 3829 12
2521 3777 2650 3831 ante
2685 3794 2716 3828 ο
2757 3776 2821 3842 -Ι-

587 3855 831 3926 ἀβρααμ
868 3850 968 3906 AD
1003 3853 1120 3922 [GR]
1147 3856 1257 3919 mt,
1318 3854 1516 3912 ibidem
1558 3857 1625 3926 -Ι-
1657 3877 1850 3919 αυτοις
1884 3879 1911 3913 z
1976 3860 1986 3928 Ι
2052 3863 2119 3917 13
2154 3880 2249 3915 και
2289 3865 2505 3935 ωρυξαν
2547 3861 2824 3927 Dabcmtz,

604 3940 818 4007 ωρυξαν
849 3937 910 3991 δε
945 3936 994 3991 Α
1060 3939 1070 4008 Ι
1139 3940 1208 3996 14
1244 3959 1399 4015 ευρεν
1433 3943 1484 3996 D
1511 3943 1628 4014 [GR]
1655 3960 1743 4010 oz,
1791 3963 1957 4022 ευραν
1991 3947 2038 4000 Ε
2102 3950 2112 4016 Ι
2182 3947 2341 4017 14115
2387 3988 2419 4013 ,,
2434 3948 2581 4003 schol
2633 3949 2822 4003 εδικα-

607 4027 823 4077 σαντο“
859 4024 897 4077 b
951 4025 960 4093 Ι
1015 4028 1084 4083 15
1119 4045 1423 4100 ποιμαινες
1452 4027 1501 4082 Α
1553 4031 1563 4097 Ι
1618 4032 1687 4088 15
1734 4049 2065 4106 ποιμαινων
2107 4033 2156 4088 A
2208 4036 2217 4104 Ι
2272 4036 2340 4093 15
2382 4037 2511 4090 ante
2546 4048 2720 4089 ισαακ
2759 4035 2823 4100 -Ι-

602 4127 706 4162 του
741 4109 786 4163 Ε
818 4113 828 4177 Ι
859 4111 929 4166 16
965 4114 1224 4167 εκαλεσεν
1257 4113 1356 4169 AD
1383 4115 1501 4186 [Gn]
1523 4116 1663 4182 ΕΗ,
1701 4123 1928 4174 εκαλεσε
1960 4121 2121 4175 mt⁸z
2152 4122 2161 4190 Ι
2209 4122 2276 4178 17
2311 4123 2441 4190 post
2478 4140 2720 4195 φρεατος
2757 4123 2823 4190 -Ι-

605 4209 817 4249 εκεινου
851 4195 930 4250 Az
948 4235 963 4262 ,
1011 4197 1128 4253 1000
1163 4217 1397 4276 φρεατος
1430 4217 1460 4256 c
1503 4222 1685 4258 τοπου
1742 4223 1957 4261 εκεινου
2024 4207 2033 4276 Ι
2103 4208 2169 4262 17
2211 4208 2409 4272 „schol
2443 4223 2823 4281 συκοφαντια.

607 4293 1064 4353 εσυκοφανιησαν
1099 4303 1208 4361 γαρ
1241 4292 1462 4341 αυτον“
1498 4288 1531 4343 b
1599 4290 1609 4358 Ι
1674 4291 1740 4345 17
1773 4295 1898 4361 post
1933 4293 1997 4347 δε
2035 4295 2101 4362 -Ι-
2147 4309 2318 4348 ισαακ
2342 4294 2442 4350 AD
2472 4295 2579 4365 [GR]
2619 4294 2777 4349 Emtz
2812 4292 2821 4364 Ι

605 4361 675 4416 18
709 4369 911 4438 ωρυξεν
943 4367 1099 4423 AEt1
1163 4373 1174 4439 Ι
1240 4372 1361 4440 1812
1397 4389 1534 4442 quae
1567 4374 1713 4433 inter
1753 4395 2029 4454 εκρινοντο
2068 4379 2138 4434 18
2172 4382 2230 4436 et
2269 4380 2396 4447 101,
2421 4383 2458 4438 2
2492 4399 2677 4458 περον
2710 4394 2826 4434 me-

533 4445 1508 4550 1(ἲ-ἱᾶὶι,>]ε“ι1181ινερι]υπιερ<ι
