3169 4941
539 394 646 453 202
1477 397 1705 457 Genesis
1732 398 1823 455 49.

537 588 666 631 των
721 566 848 629 τῶν
889 557 1160 652 ἡμερῶν.
1257 564 1284 603 ²
1306 557 1668 652 συνάχθητε
1716 559 1829 629 καὶ
1890 553 2207 629 ἀκούσατέ
2247 586 2401 646 μου,
2444 556 2579 627 υἱοὶ
2614 550 2751 627 Ἰα-

539 662 704 753 κώβ·
751 662 1071 735 ἀκούσατε
1108 658 1391 757 Ἰσραήλ,
1431 658 1755 735 ἀκούσατε
1796 671 1913 735 τοῦ
1956 663 2211 754 πατρὸς
2246 661 2433 749 ὑμῶν.
2524 668 2551 706 ³
2573 662 2751 731 Ῥου-

537 773 656 864 βὴν
709 764 1125 861 πρωτότοκός
1165 796 1320 857 μου,
1393 771 1472 841 σὺ
1525 767 1705 855 ἰσχύς
1761 796 1887 857 μου
1944 768 2055 837 καὶ
2109 770 2266 860 ἀρχὴ
2319 768 2559 839 τέκνων
2603 796 2746 855 μου,

539 876 810 968 σκληρὸς
848 875 1178 967 φέρεσθαι
1215 876 1326 945 καὶ
1369 876 1647 967 σκληρὸς
1676 873 1983 966 αὐθάδης.
2034 870 2416 963 4ἒξύβρισας
2442 872 2532 955 ὥς
2556 872 2751 964 ὕδωρ,

2784 593 2811 638 1

535 982 624 1072 μὴ
669 980 955 1072 ἐκζέσῃς·
1001 979 1236 1071 ἆνέβης
1276 981 1400 1069 γὰρ
1443 980 1562 1049 ἐπὶ
1606 980 1719 1072 τὴν
1758 978 1977 1071 κοίτην
2004 986 2120 1048 τοῦ
2150 976 2397 1067 πατρός
2426 1002 2559 1063 σου,
2600 978 2749 1047 τότε
2784 1011 2817 1057 5

536 1084 802 1172 ἑμίανας
845 1087 960 1177 τὴν
1005 1086 1334 1176 στρωμνήν
1349 1138 1364 1169 ,
1411 1076 1486 1155 οὗ
1527 1078 1782 1175 ἐνέβης.
1848 1086 2147 1171 5Συμεών
2186 1084 2297 1152 καὶ
2338 1084 2515 1153 Λευὶ
2556 1076 2749 1158 α’δελ-

535 1190 656 1281 φοὶ
695 1190 1106 1259 συνετέλεσαν
1147 1187 1410 1258 ἆδικίαν
1449 1189 1831 1280 ἐξαιρέσεως
1870 1182 2093 1259 αὐτῶν.
2188 1194 2215 1233 ⁶
2230 1187 2324 1269 εἰς
2361 1189 2593 1279 βουλὴν
2637 1186 2751 1257 αἰ)-

535 1301 662 1363 τῶν
716 1297 805 1387 μὴ
853 1293 1046 1364 ἔλθοι
1084 1291 1125 1385 ἡ
1171 1294 1342 1384 ψυχή
1385 1320 1536 1380 μου,
1617 1295 1728 1362 καὶ
1771 1294 1890 1363 ἐπὶ
1943 1300 2024 1386 τῇ
2068 1290 2377 1363 συστάσει
2416 1291 2621 1362 αὐτῶν
2662 1294 2751 1385 μὴ

535 1398 750 1489 ἐρίσαι
807 1400 889 1468 τὰ
933 1396 1154 1490 ἥπατά
1194 1425 1320 1486 μου
1334 1425 1353 1443 ·
1432 1398 1535 1467 ὅτι
1590 1396 1659 1467 ἐν
1710 1403 1807 1489 τῷ
1862 1404 2061 1489 θυμῷ
2123 1395 2330 1467 αὐτῶν
2371 1391 2753 1467 ἀπέκτειναν

535 1500 932 1595 ἄνθρώπους
949 1557 964 1588 ,
1021 1502 1134 1571 καὶ
1175 1502 1242 1571 ἐν
1281 1510 1361 1594 τῇ
1406 1501 1739 1595 ἐπιθυμίᾳ
1794 1497 2003 1573 αὐτῶν
2043 1499 2551 1594 ἒνςυροκόπησαν
2591 1509 2749 1573 ταῦ-

536 1636 661 1701 ρον.
760 1615 784 1653 '1
815 1608 1295 1697 ἐπικατάρατος
1355 1605 1392 1677 ὁ
1434 1609 1649 1693 θυμὸς
1709 1602 1917 1677 αὐτῶν
1974 1607 2076 1677 ὅτι
2142 1604 2435 1699 αὐθάδης
2448 1663 2464 1693 ,
2540 1609 2653 1676 καὶ
2710 1607 2751 1700 ἡ

533 1721 720 1805 μῆνις
770 1714 980 1783 αὐτῶν
1037 1711 1143 1783 ὅτι
1207 1712 1636 1804 ἐσκληρύνθη·
1710 1716 2022 1800 διαμεριῶ
2085 1706 2317 1794 αὐτοὺς
2368 1713 2439 1783 ,ἓν
2491 1706 2747 1801 Ἰακώβ,

535 1819 649 1887 καὶ
693 1823 1030 1907 ὅιασπερῶ
1075 1816 1306 1899 αὐτοὺς
1347 1818 1416 1885 ἐν
1453 1811 1731 1909 Ἰσραήλ.
1825 1812 2111 1901 ΒἸούδα,
2152 1817 2227 1885 σὲ
2268 1815 2645 1887 αἰνέσαισαν
2684 1816 2751 1887 οἱ

535 1918 813 2015 ἀδελφοί
881 1947 1027 1993 σου·
1093 1921 1165 1991 αὶ
1219 1923 1426 2012 χεῖρές
1487 1945 1605 1989 σου
1668 1920 1785 1989 ἐπὶ
1848 1922 2051 1990 νώτου
2107 1928 2238 1989 τῶν
2297 1922 2550 2011 ἐχθρῶν
2612 1946 2746 2008 σου,

677 2113 707 2166 1
745 2110 1086 2180 συναχθητε]
1125 2115 1463 2181 αθροισθητε
1494 2106 1761 2163 Achtxz
1792 2109 1801 2173 1
1836 2108 1863 2161 1
1904 2128 2016 2179 μου
2052 2116 2119 2167 >
2153 2106 2453 2161 AFacmtxz
2484 2108 2493 2176 Ι
2524 2108 2557 2161 2
2583 2129 2751 2161 ccxcv-

535 2214 665 2253 σατε
703 2200 901 2268 ισραηλ
938 2204 1006 2255 >
1041 2197 1090 2249 D
1130 2195 1244 2266 [GR]
1271 2211 1305 2248 a
1371 2196 1380 2265 Ι
1443 2196 1477 2249 2
1514 2210 1783 2249 ακουσατε
1829 2196 2059 2249 alterum
2091 2204 2159 2255 >
2196 2194 2293 2248 AD
2320 2195 2436 2266 [GR]
2478 2194 2694 2249 chtxz
2738 2196 2745 2263 Ι

533 2288 578 2353 2
604 2287 728 2339 ante
762 2303 860 2337 του
898 2285 964 2352 -Ι-
1003 2300 1130 2359 περι
1167 2298 1201 2336 a
1241 2283 1251 2353 Ι
1296 2283 1330 2337 2
1367 2298 1468 2353 sqq
1513 2281 1830 2347 „Diodorus
1866 2302 1897 2335 ο
1934 2298 2108 2353 συρος
2142 2301 2257 2351 εχει
2294 2289 2500 2357 ρουβην
2532 2301 2750 2359 πρωτο-

535 2390 696 2431 τοκος
729 2391 872 2442 μου,
923 2390 956 2437 η
996 2370 1230 2439 δυναμις
1266 2390 1380 2440 μου
1412 2390 1505 2423 και
1541 2389 1680 2443 αρχη
1715 2390 1809 2437 της
1843 2385 2067 2439 ισχυος.
2124 2373 2440 2437 eniam-9715·
2474 2389 2546 2429 ως
2584 2370 2749 2441 υδωρ,

531 2479 610 2530 μη
649 2477 1026 2533 παραμεινῃς,
1065 2477 1188 2512 arn
1223 2479 1321 2513 του
1355 2479 1434 2530 μη
1472 2459 1657 2532 ζησῃς.
1694 2455 1725 2512 ὁ
1763 2460 1965 2518 ακυλας
2002 2472 2071 2510 συ
2109 2473 2267 2527 ισχυς
2300 2478 2413 2530 μου
2448 2477 2543 2511 και
2580 2477 2749 2530 κεφα-

531 2549 693 2600 λαιον
725 2550 897 2612 λυπης
922 2565 1034 2616 μου
1053 2589 1064 2599 .
1100 2561 1368 2621 περισσος
1405 2560 1561 2618 αρσει
1599 2564 1693 2598 και
1734 2560 2000 2619 περισσος
2034 2563 2245 2617 κρατει.
2284 2551 2644 2613 εθαμβευσας
2681 2565 2753 2605 ως

532 2634 709 2705 υδωρ,
745 2652 823 2703 μη
862 2647 1254 2706 περισσευσῃς.
1293 2652 1323 2685 ο
1360 2647 1686 2703 συμμαχος.
1724 2639 1926 2706 ρουβην
1958 2651 2299 2707 πρωτοτοκος
2334 2652 2447 2704 μου
2482 2653 2576 2686 και
2610 2652 2749 2706 αρχη

532 2719 760 2786 οδυνης.
797 2733 1034 2792 ’περισσα
1073 2721 1287 2787 λαβειν.
1327 2738 1420 2772 και
1463 2737 1522 2772 εκ
1557 2733 1827 2793 περισσου
1869 2721 2165 2792 υπερζεσας
2198 2739 2269 2778 ως
2302 2719 2479 2793 υδωρ,
2520 2739 2621 2773 ουκ
2652 2735 2749 2791 εσῃ

531 2809 978 2878 περισσοτερος“
1014 2804 1050 2859 b
1081 2807 1090 2873 Ι
1121 2805 1211 2872 2s3
1249 2812 1453 2878 ρουβιμ
1495 2807 1639 2858 amtz
1670 2808 1679 2871 Ι
1710 2805 1744 2858 3
1784 2820 1853 2858 συ
1890 2813 1958 2864 >
1988 2808 2071 2859 1111;
2100 2806 2107 2874 Ι
2139 2806 2174 2858 3
2207 2826 2302 2859 και
2326 2815 2395 2866 >
2418 2809 2501 2860 mt
2528 2808 2538 2879 Ι
2568 2808 2603 2862 3
2624 2810 2751 2861 ante

529 2911 736 2946 τεκνων
769 2895 833 2960 -Ι-
868 2907 992 2946 των
1013 2909 1041 2946 c
1071 2894 1081 2958 Ι
1111 2893 1146 2948 3
1183 2909 1374 2946 τεκνον
1409 2911 1436 2946 z
1467 2898 1477 2960 Ι
1507 2892 1544 2946 4
1577 2894 1804 2962 utroque
1840 2892 1956 2946 loco
1996 2895 2241 2963 σκληρως
2275 2909 2309 2948 a
2340 2896 2349 2959 Ι
2378 2894 2415 2948 4
2448 2913 2543 2948 και
2567 2904 2708 2955 >m
2736 2895 2745 2965 Ι

530 2982 566 3035 4
602 2984 832 3054 σκληρος
863 2981 1097 3034 alterum
1129 2989 1198 3039 >
1223 2995 1254 3033 z
1283 2979 1292 3049 Ι
1324 2979 1357 3032 5
1393 2985 1423 3042 ζ
1452 2980 1601 3034 uocis
1641 2983 1853 3047 εκζεσης
1886 2995 2051 3034 manu
2088 2980 2322 3035 secunda
2355 2981 2413 3036 in
2448 2998 2637 3037 rasura
2658 2981 2707 3036 A
2734 2982 2745 3053 Ι

531 3068 566 3122 6
601 3083 879 3138 στρομνην
913 3071 968 3121 tz
1035 3069 1046 3134 Ι
1109 3068 1143 3120 6
1177 3068 1304 3121 ante
1339 3086 1404 3120 ου
1439 3067 1603 3122 litera
1636 3083 1747 3121 una
1797 3067 2031 3122 radendo
2082 3067 2260 3123 deleta
2293 3068 2343 3126 A
2408 3072 2418 3135 Ι
2483 3071 2516 3124 6
2555 3077 2749 3138 ανεβης

528 3169 694 3208 manu
731 3155 905 3222 prima
937 3154 995 3208 in
1031 3170 1220 3208 rasura.
1249 3152 1298 3207 A
1328 3155 1338 3221 Ι
1369 3157 1403 3209 6
1437 3157 1583 3207 λευει
1616 3154 1666 3208 D
1696 3154 1803 3224 [en]
1840 3155 1848 3223 Ι
1880 3156 1911 3209 7
1958 3158 2239 3231 εξερεσεως
2272 3156 2345 3220 A,
2400 3159 2456 3217 εξ
2492 3171 2748 3228 αιρεσεως

528 3241 753 3311 „spatio
793 3240 1020 3310 quodam
1055 3241 1334 3295 interiecto
1351 3247 1383 3270 “
1420 3242 1470 3294 D
1498 3241 1644 3311 [cn].
1692 3242 1772 3296 ita
1808 3257 1872 3296 a.
1911 3243 2169 3306 ctz=b‚
2220 3243 2343 3304 255⁰
2372 3259 2458 3307 m,
2500 3243 2627 3305 ἔξω
2668 3262 2701 3298 1
2732 3243 2741 3309 Ι

528 3329 563 3383 8
598 3332 731 3394 ελθη
769 3329 853 3382 ctz
905 3332 914 3395 Ι
968 3331 1004 3385 8
1035 3347 1069 3394 η
1101 3338 1169 3387 >
1201 3344 1229 3381 c
1275 3331 1286 3394 Ι
1338 3328 1427 3396 819
1468 3368 1500 3392 ,,
1518 3329 1878 3398 Hieronymus
1914 3332 2173 3399 sequutus
2208 3331 2556 3399 septuaginta
2576 3331 2747 3386 uertit

525 3415 539 3433 ‘
556 3433 665 3470 non
705 3415 1004 3470 aemuletur
1051 3416 1197 3470 iecur
1230 3415 1430 3470 meum'
1452 3455 1465 3468 .
1526 3418 1584 3470 et
1631 3415 1944 3471 Ambrosius
1986 3418 2001 3436 ‘
2018 3433 2127 3472 non
2165 3419 2490 3472 contendant
2534 3419 2745 3474 uiscera

527 3504 674 3558 mea'
693 3543 706 3556 .
745 3501 839 3556 AA
863 3504 954 3557 LL
990 3523 1068 3574 μη
1106 3518 1346 3574 ερεισαι,
1398 3519 1557 3572 quam
1592 3503 1914 3573 scripturam
1948 3505 2213 3573 expressit
2248 3503 2613 3560 Tertullianus
2643 3505 2743 3561 ad-

525 3605 712 3646 uersus
747 3590 976 3645 Iudaeos
1019 3591 1033 3608 ‘
1049 3607 1158 3645 non
1207 3590 1548 3645 incubuerint
1579 3591 1789 3646 uiscera
1821 3591 1967 3645 mea'
1988 3631 2000 3644 .
2062 3594 2119 3645 et
2176 3590 2425 3661 Origenis
2474 3592 2741 3661 interpres

524 3678 538 3694 ‘
553 3695 661 3733 non
685 3678 990 3732 innitantur
1015 3678 1224 3732 uiscera
1247 3679 1392 3731 mea’
1416 3683 1447 3708 ‘⁶
1485 3677 1518 3731 b
1551 3680 1560 3744 Ι
1592 3679 1625 3732 9
1666 3692 1845 3752 ερισαι
1870 3679 2035 3732 etiam
2057 3678 2107 3732 D
2129 3677 2237 3748 [sn]
2257 3719 2270 3742 ‚
2312 3694 2519 3750 ερεισαι
2545 3683 2688 3735 mntz
2727 3680 2736 3751 Ι

525 3766 559 3819 9
596 3784 782 3818 mmm
817 3781 847 3818 z
877 3765 886 3832 Ι
919 3767 987 3820 10
1017 3783 1082 3830 τη
1119 3774 1187 3823 >
1225 3765 1270 3817 F
1293 3768 1311 3798 ¹
1345 3765 1354 3831 Ι
1387 3763 1454 3817 10
1489 3764 1935 3836 ενευροκοπηκοίν
1972 3781 2001 3818 c
2044 3767 2053 3831 Ι
2098 3764 2253 3834 10111
2289 3765 2488 3830 „schol
2520 3771 2737 3838 εξερρι-

528 3855 710 3916 ζωσαν
746 3857 973 3920 taxos-‘⁸
1011 3850 1046 3904 b
1101 3851 1110 3917 Ι
1170 3853 1235 3906 12
1269 3869 1446 3921 μηνυς
1481 3869 1508 3903 z
1562 3851 1571 3920 Ι
1630 3851 1697 3904 12
1728 3855 2175 3924 εσκληρυνθησαν
2208 3870 2235 3905 z
2256 3852 2319 3905 1⁵?
2372 3871 2514 3908 nunc
2553 3871 2743 3910 rasura

525 3941 652 4008 post
685 3941 1027 4011 εσκληρυνθη
1059 3941 1067 4005 Ι
1103 3937 1168 3992 13
1209 3937 1510 4009 διασπερω]
1548 3938 1906 4008 διασκορπιω
1942 3937 1991 3991 Α
2022 3940 2030 4008 Ι
2073 3937 2193 4010 13ί2
2230 3957 2435 3994 σαισαν
2468 3957 2637 4011 usque
2674 3943 2743 3996 ad

527 4031 724 4094 ανεβης
770 4041 826 4078 m
859 4024 918 4078 in
969 4023 1143 4078 forma
1177 4023 1348 4078 crucis
1387 4023 1574 4078 scribit
1588 4068 1600 4088 ‚
1659 4026 1723 4077 ut
1759 4041 1920 4094 saepe
1962 4026 2103 4080 solet
2145 4027 2315 4081 crucis
2364 4043 2516 4082 sacra
2569 4027 2743 4083 forma

525 4113 637 4166 uti.
697 4112 754 4165 in
791 4111 960 4165 crucis
1009 4127 1102 4165 ora
1136 4111 1358 4164 sinistra
1376 4151 1389 4175 ,
1454 4112 1502 4165 si
1536 4112 1707 4166 lector
1741 4111 1945 4166 iudicat
1985 4116 2031 4166 Ο
2066 4120 2281 4186 εβραιος
2314 4117 2479 4170 ιουδα
2518 4132 2614 4168 σοι
2652 4120 2739 4178 εξ·-

529 4202 970 4268 ομολογησονται
1023 4219 1080 4251 οι
1129 4198 1369 4268 αδελφοι
1418 4212 1518 4251 σου
1552 4218 1613 4250 αι
1655 4217 1837 4272 χειρες
1885 4214 1987 4252 σου
2038 4217 2135 4252 επι
2181 4219 2251 4253 τα
2283 4219 2599 4275 μεταφρενα
2633 4221 2744 4256 των

528 4291 749 4354 εχθρων
785 4299 886 4337 σου
942 4284 951 4357 Ι
1001 4285 1068 4340 13
1105 4302 1188 4337 ινε
1224 4284 1370 4338 uocis
1422 4299 1748 4338 αινεσαισαν
1793 4301 1935 4340 nunc
1968 4286 2131 4355 periit
2160 4287 2220 4341 in
2255 4287 2326 4340 F.
2379 4304 2660 4342 αινεσουσι
2696 4305 2740 4353 c,

529 4384 830 4424 αινεσασαν
867 4388 894 4422 z
963 4370 971 4438 Ι
1042 4372 1107 4426 14
1145 4372 1231 4435 ελ,
1286 4389 1336 4423 ει
1373 4373 1434 4424 et
1468 4377 1512 4423 ώ
1551 4371 1766 4426 articuli
1802 4376 1883 4443 τῷ
1924 4388 2069 4428 nunc
2101 4371 2376 4443 perierunt
2410 4376 2468 4430 in
2496 4376 2572 4442 F,
2607 4376 2743 4432 talia

535 4455 784 4524 deinceps
817 4455 1004 4510 tacebo
1049 4457 1060 4525 Ι
1109 4457 1177 4512 14
1213 4473 1310 4510 sm
1348 4455 1475 4526 τ[ω]
1511 4475 1669 4512 wrm
1704 4457 1752 4511 F

2789 1536 2855 1581 10

2778 4329 2791 4344 Ι
