3169 4941
585 403 686 457 196
1515 397 1741 454 Genesis
1764 398 1853 453 47.

581 586 694 629 τον
732 560 898 627 κατὰ
943 562 1151 643 σῶμα.
1249 560 1503 637 13σῖτος
1543 559 1618 626 δέ
1663 551 1777 626 οὐκ
1822 552 1896 647 ἦν
1934 557 2001 625 ἐν
2030 555 2209 647 πάσῃ
2236 565 2316 648 τῇ
2345 564 2455 647 γῇ·
2506 554 2794 640 ἐνίσχυσε
2836 582 2859 627 1

581 666 704 752 γὰρ
745 662 781 732 ὁ
825 662 1014 747 λιμὸς
1071 657 1328 751 σφόδρα
1344 685 1358 698 ·
1433 660 1693 743 ἐξέλιπε
1736 662 1808 730 δὲ
1869 658 1907 752 ἡ
1950 668 2028 751 γῆ
2082 657 2433 747 Αἰγύπτου
2486 662 2601 729 καὶ
2642 660 2681 751 ἡ
2719 667 2796 752 γῆ

583 768 846 837 Χαναὰν
885 758 1021 833 ἆπό
1069 770 1186 833 τοῦ
1229 768 1435 851 λιμοῦ.
1505 772 1566 809 ²⁴
1584 765 1883 856 συνήγαγε
1927 766 2002 834 δὲ
2036 758 2286 855 Ἰωσὴφ
2326 772 2464 833 πᾶν
2496 766 2573 833 τὸ
2605 758 2797 854 οἰργύ-

580 898 719 963 ριον
763 871 838 940 τὸ
879 868 1145 960 εὑρεθὲν
1191 869 1261 936 ἐν
1307 875 1386 960 γῇ
1431 867 1784 958 Αἰγύπτου
1824 871 1936 938 καὶ
1998 869 2064 937 ἐν
2102 876 2181 960 γῇ
2224 872 2492 938 Χαναὰν
2534 877 2650 939 τοῦ
2693 869 2798 938 σί-

579 1002 694 1043 του
738 967 812 1044 οὗ
850 968 1159 1065 ἠγόραζον
1177 1027 1193 1057 ,
1232 975 1344 1041 καὶ
1389 972 1791 1063 ἐσιτομέτρει
1828 968 2048 1055 αὐτοῖς
2067 999 2082 1014 ·
2127 974 2239 1041 καὶ
2268 970 2630 1063 εἰσήνεγκεν
2654 968 2797 1041 Ἰω-

581 1082 718 1171 σὴφ
777 1084 910 1146 πᾶν
957 1081 1032 1146 τὸ
1091 1071 1384 1167 ἀργύριον
1435 1078 1530 1159 εἰς
1567 1079 1679 1147 τὸν
1720 1072 1900 1148 οἶκον
1952 1076 2215 1166 Φαραώ.
2314 1080 2497 1146 *ὁκαὶ
2540 1078 2797 1161 ἐξέλιπε

583 1191 720 1251 πᾶν
761 1183 836 1251 τὸ
878 1176 1174 1272 ἀργύριον
1219 1182 1294 1250 ἐκ
1333 1187 1444 1274 γῆς
1482 1180 1839 1271 Αἰγύπτου
1894 1185 2006 1251 καὶ
2046 1182 2118 1250 ἐκ
2167 1190 2281 1273 γῆς
2323 1180 2614 1251 Χαναάν.
2692 1178 2799 1273 ἦλ-

581 1295 710 1356 θον
757 1288 830 1356 δὲ
875 1283 1115 1366 πάντες
1159 1283 1222 1354 οἰ
1255 1284 1624 1374 Αἰγύπτιοι
1671 1287 1839 1376 πρὸς
1862 1279 2112 1377 Ἰωσὴφ
2154 1286 2447 1373 λέγοντες
2476 1288 2615 1367 Δὸς
2644 1285 2797 1376 ἡμῖν

580 1390 839 1483 ἄρτους,
903 1391 1016 1458 καὶ
1071 1392 1180 1457 ἵνα
1219 1388 1288 1457 τί
1330 1384 1840 1482 ἀποθνήσκομεν
1896 1389 2189 1459 ἐναντίον
2243 1414 2395 1475 σου,·
2452 1392 2793 1459 ἐκλέλοιπε

579 1498 699 1585 γὰρ
743 1498 819 1564 τὸ
863 1488 1158 1585 ἀργύριον
1201 1492 1390 1585 ἡμῶν.
1487 1501 1546 1539 ²⁶
1561 1489 1713 1563 εἷπε
1754 1496 1827 1564 δὲ
1878 1487 2099 1575 αὖτοῖς
2138 1488 2383 1585 Ἰωσὴφ
2433 1495 2671 1584 Φέρετε
2713 1495 2799 1562 τὰ

580 1601 768 1691 κτήνη
822 1599 996 1686 ὑμῶν
1015 1654 1030 1683 ,
1103 1600 1215 1667 καὶ
1261 1599 1452 1667 δώσω
1495 1598 1646 1685 ὑμῖν
1690 1596 1922 1689 ἄρτους
1964 1594 2108 1667 ἀντὶ
2143 1606 2269 1667 τῶν
2314 1604 2563 1689 κτηνῶν
2606 1598 2795 1685 ὑμῶν,

579 1704 638 1773 εἰ
685 1704 1021 1773 ἐκλέλοιπε
1066 1705 1142 1772 τὸ
1189 1697 1483 1794 ἀργύριον
1524 1702 1720 1789 ὑμῶν.
1774 1710 1833 1746 ¹⁷
1848 1702 2080 1795 ἤγαγον
2124 1704 2197 1772 δὲ
2240 1705 2322 1771 τὰ
2371 1703 2561 1793 κτήνη
2591 1695 2798 1771 αὐτῶν

581 1811 755 1897 πρὸς
791 1802 1063 1899 Ἰωσήφ,
1139 1809 1252 1876 καὶ
1311 1806 1546 1875 ἔδωκεν
1606 1801 1826 1889 αὐτοῖς
1879 1801 2126 1898 Ἰωσὴφ
2181 1805 2412 1896 ἶίρτους
2468 1802 2611 1875 ἀντὶ
2670 1814 2801 1875 τῶν

580 1916 813 1981 ἵππων
853 1914 964 1981 καὶ
1008 1906 1156 1980 οἰντὶ
1197 1919 1324 1979 τῶν
1363 1909 1711 2001 προβάτων
1763 1913 1876 1979 καὶ
1923 1910 2066 1980 ἀντὶ
2110 1918 2239 1980 τῶν
2282 1918 2455 1999 βοῶν
2497 1914 2611 1980 καὶ
2654 1911 2799 1980 ἀντὶ

580 2024 713 2085 τῶν
773 2014 958 2087 ὄνων*
1030 2018 1144 2084 καὶ
1201 2016 1559 2107 ἐξέθρεψεν
1618 2010 1845 2097 αὐτοὺς
1919 2015 1987 2085 ἐν
2047 2016 2269 2107 ἄρτοις
2330 2016 2479 2085 ἀντὶ
2542 2018 2803 2085 πάντων

583 2129 709 2189 τῶν
757 2125 997 2211 κτηνῶν
1062 2120 1278 2188 αὗτῶν
1337 2121 1404 2188 ἐν
1465 2127 1560 2211 τῷ
1604 2121 1874 2209 ἐνιαυτῷ
1918 2121 2160 2212 ἐκείνῳ.
2258 2122 2563 2213 ιΒέξῆλθε
2606 2122 2680 2190 δὲ
2722 2124 2799 2190 τὸ

585 2222 730 2306 ἔτος
783 2225 986 2293 ἐκεῖνο
1002 2280 1020 2310 ,
1082 2225 1195 2291 καὶ
1257 2219 1463 2315 ἦλθον
1517 2225 1690 2313 πρὸς
1739 2223 1931 2294 αὐτὸν
1973 2225 2039 2293 ἐν
2072 2233 2164 2315 τῷ
2213 2224 2344 2294 ἔτει
2385 2235 2479 2315 τῷ
2524 2224 2800 2315 δευτέρῳ

587 2330 699 2398 καί
741 2324 937 2399 εἶπαν
982 2327 1158 2419 αὐτῷ
1202 2326 1490 2421 Μήποτε
1536 2330 1929 2419 ἔκτριβῶμεν
1975 2329 2113 2399 ἀπὸ
2161 2342 2275 2400 τοῦ
2326 2331 2545 2421 κυρίου
2590 2331 2767 2420 ἡμῶν
2780 2363 2803 2416 ,-

591 2434 651 2505 εἰ
680 2437 799 2527 γὰρ
843 2435 1178 2504 ἐκλέλοιπε
1223 2435 1300 2504 τὸ
1343 2436 1636 2526 ἀργύριον
1670 2436 1849 2528 ἡμῶν
1892 2438 2004 2506 καὶ
2047 2438 2127 2505 τὰ
2166 2436 2534 2526 ὑπάρχοντα
2578 2437 2800 2505 καὶτὰ

590 2537 776 2632 κτήνη
819 2542 990 2631 πρὸς
1045 2541 1121 2610 σὲ
1163 2542 1276 2610 τὸν
1319 2539 1557 2630 κύριον,
1621 2542 1731 2608 καὶ
1776 2541 1888 2626 οὐχ
1938 2541 2413 2610 ὑπολέλειπται
2454 2541 2599 2634 ἡμῖν
2636 2541 2802 2610 ἐναν-

585 2643 727 2713 τίον
772 2657 887 2711 τοῦ
928 2645 1145 2734 κυρίου
1189 2642 1386 2735 ἡμῶν,
1435 2643 1569 2713 ἀλλ’
1613 2644 1654 2735 ἢ
1694 2647 1771 2715 τὸ
1813 2643 1984 2724 ἴδιον
2028 2652 2213 2733 σῶμα
2262 2648 2373 2714 καὶ
2420 2646 2457 2736 ἡ
2494 2653 2573 2737 γῆ
2608 2644 2801 2736 ἡμῶν.

595 2751 774 2816 19ἵνα
821 2743 925 2816 οὖν
975 2752 1065 2839 μὴ
1119 2744 1562 2835 ἀποθάνωμεν
1622 2747 1906 2817 ἐναντίον
1950 2772 2065 2818 σου
2113 2751 2226 2817 καὶ
2269 2749 2308 2841 ἡ
2352 2756 2432 2840 γῆ
2477 2750 2800 2841 ἒρημωθῇ,

586 2861 818 2944 κτῆσαι
874 2852 1042 2943 ἡμᾶς
1099 2853 1212 2921 καί
1271 2856 1385 2943 τὴν
1436 2857 1548 2943 γῆν
1609 2851 1787 2944 ἡμῶν
1841 2851 1984 2921 ἀντὶ
2040 2853 2248 2944 ἷίρτων
2264 2910 2280 2939 ,
2356 2855 2467 2922 καὶ
2512 2851 2803 2941 ἐσόμεθα

734 3137 761 3190 1
800 3151 1031 3207 σωματα
1067 3151 1101 3189 a
1139 3135 1148 3202 Ι
1193 3135 1220 3188 1
1259 3150 1550 3204 ενισχυσεν
1586 3134 1729 3190 Acx¹
1770 3139 1780 3202 Ι
1824 3137 1857 3190 2
1899 3140 2178 3198 εξελειπεν
2210 3137 2308 3192 AD
2336 3138 2453 3209 [GR]
2479 3144 2572 3202 1¹,
2632 3142 2802 3202 εξελι-

589 3241 697 3276 πεν
740 3224 861 3286 t¹z,
902 3225 1116 3284 εξελιπε
1156 3238 1183 3276 e
1224 3224 1524 3276 correctum
1559 3223 1748 3277 seriori
1779 3227 1843 3276 12
1892 3224 1899 3292 Ι
1946 3225 1981 3277 3
2017 3239 2329 3294 συνηγαγεν
2364 3225 2508 3292 Ax¹‚
2548 3242 2801 3294 συνειση-

589 3325 767 3379 γαγεν
798 3310 886 3373 t1,
937 3323 1300 3378 συνεισηγαγε
1337 3310 1444 3361 1222
1499 3310 1508 3375 Ι
1561 3310 1599 3363 4
1635 3329 1885 3380 αιγυπτω
1921 3310 2019 3364 AD
2047 3310 2162 3381 [GR]
2188 3326 2332 3376 mn,
2391 3331 2673 3382 αιγυπτωι
2708 3315 2736 3367 t
2792 3313 2801 3384 Ι

589 3396 626 3449 4
661 3398 786 3464 post
810 3414 1034 3464 χανααν
1076 3397 1140 3463 -Ι-
1181 3412 1292 3448 απο
1329 3411 1358 3449 c
1387 3395 1397 3466 Ι
1427 3397 1460 3452 5
1497 3413 1797 3467 εισήγαγεν
1841 3414 1869 3451 c
1900 3402 1909 3466 Ι
1941 3399 1974 3452 6
2013 3400 2289 3458 εξελειπεν
2322 3397 2420 3453 AD
2449 3399 2562 3469 [GR]
2580 3439 2594 3463 ,
2631 3403 2801 3460 εξελι-

591 3499 696 3536 πεν
728 3483 840 3536 1:¹1
860 3487 879 3517 ¹
909 3484 919 3548 Ι
951 3483 982 3535 7
1023 3499 1138 3535 παν
1171 3492 1238 3541 >
1277 3481 1395 3536 Aax
1425 3484 1434 3548 Ι
1466 3484 1496 3536 7
1540 3485 1667 3552 post
1700 3503 1974 3557 αργυριον
2011 3485 2075 3551 -Ι-
2115 3503 2252 3538 ωστε
2290 3489 2645 3554 αναλωθηναι
2683 3486 2801 3558 mt}

591 3569 626 3623 9
676 3571 996 3623 εκλελοιπεν
1031 3568 1227 3623 At¹x1
1293 3573 1302 3636 Ι
1366 3570 1434 3623 10
1477 3589 1635 3640 ημων
1670 3579 1737 3630 >
1767 3570 1818 3626 D
1857 3570 1973 3641 [GR]
2010 3586 2073 3624 xz
2140 3572 2149 3641 Ι
2218 3572 2284 3628 10
2318 3591 2475 3626 ειπεν
2507 3571 2613 3626 At¹
2654 3573 2802 3644 [ΧΨ]

517 3709 530 3724 .
591 3655 661 3709 10
702 3670 889 3727 ιωσηφ
929 3664 996 3714 >
1033 3673 1060 3706 z
1090 3655 1100 3724 Ι
1134 3657 1200 3710 12
1233 3671 1362 3710 uoce
1402 3674 1450 3709 ει
1486 3656 1683 3712 iterum
1717 3657 1909 3727 incipit
1944 3657 1988 3710 F
2032 3659 2039 3714 Ι
2088 3658 2153 3712 12
2194 3661 2515 3712 εκλελοιπεν
2547 3659 2666 3712 AFt
2688 3665 2805 3724 ¹1¹,

591 3745 844 3795 εκλελιπε
881 3757 936 3794 m
973 3742 982 3811 Ι
1029 3743 1096 3796 12
1130 3762 1287 3814 ημων
1319 3742 1398 3808 A,
1451 3743 1692 3798 Baberus
1726 3744 1784 3798 in
1814 3745 2083 3800 uolumine
2122 3745 2201 3798 IV
2237 3748 2411 3800 taoeiz.
2462 3764 2620 3817 υμων
2654 3755 2721 3806 >
2754 3747 2805 3801 D

593 3826 707 3897 [an]
735 3827 986 3881 Facmtxz
1029 3828 1036 3896 Ι
1070 3830 1136 3883 12
1173 3848 1355 3882 αυτων
1386 3838 1453 3889 >
1494 3828 1593 3884 AD
1620 3829 1736 3900 [GR]
1763 3831 1950 3884 Fmtxz
1982 3831 1991 3900 Ι
2041 3832 2107 3887 14
2143 3850 2265 3885 αντι
2302 3832 2591 3886 secundum
2626 3842 2693 3893 >
2731 3850 2758 3885 z
2794 3831 2807 3903 Ι

594 3914 661 3969 15
696 3915 822 3968 ante
865 3932 924 3968 εν
950 3916 1014 3982 -Ι-
1043 3930 1225 3986 ιωσηφ
1260 3932 1294 3968 x
1323 3916 1332 3982 Ι
1365 3917 1430 3970 16
1469 3919 1699 3983 εξηλθεν
1720 3915 1923 3971 AFt¹x
1950 3917 2073 3989 [sie]
2106 3921 2115 3985 Ι
2149 3921 2214 3974 17
2251 3919 2388 3989 ετος]
2426 3937 2543 3980 εκες
2563 3918 2612 3973 A
2637 3918 2761 3990 [sio]
2794 3917 2803 3990 Ι

593 4001 658 4055 17
700 3999 830 4071 ετει]
873 4019 1100 4054 ενιαυτω
1135 4018 1164 4053 z
1195 4004 1205 4068 Ι
1238 4001 1305 4057 18
1341 4021 1436 4054 και
1473 4019 1643 4056 ειπαν
1682 4023 1825 4072 αυτῳ
1858 4012 1926 4064 >
1958 4021 1992 4058 x
2022 4005 2031 4072 Ι
2066 4005 2131 4060 18
2166 4023 2327 4059 ειπον
2362 4023 2389 4058 z
2420 4007 2429 4073 Ι
2462 4008 2528 4062 18
2553 4005 2687 4059 αὐτὸ
2712 4005 2801 4076 m!

591 4087 660 4140 19
697 4089 1014 4141 εκλελοιπεν
1046 4086 1251 4140 AFt1x
1273 4093 1291 4124 ¹
1322 4088 1330 4156 Ι
1370 4088 1436 4142 19
1479 4108 1539 4140 το
1572 4089 1861 4162 αργυριον]
1898 4109 1965 4142 τα
2001 4091 2275 4162 παιδαρια
2310 4091 2355 4146 F
2386 4092 2395 4159 Ι
2439 4093 2505 4147 19
2540 4111 2699 4163 ημων
2737 4102 2805 4151 >

589 4170 688 4226 AD
728 4169 843 4242 [GR]
879 4172 1130 4228 Facmtxz
1160 4175 1171 4242 Ι
1217 4175 1282 4229 19
1320 4176 1446 4228 anbe
1481 4161 1815 4244 ralaltert'lm
1853 4178 1917 4244 -Ι-
1954 4194 2137 4230 παντα
2172 4194 2199 4229 z
2254 4177 2263 4244 Ι
2328 4177 2398 4233 20
2432 4197 2568 4251 προς
2605 4194 2669 4232 σε
2702 4198 2804 4232 τον

591 4275 780 4333 κυριον
803 4268 870 4317 >
887 4259 932 4313 F
963 4264 974 4326 Ι
1003 4261 1074 4316 20
1111 4276 1171 4313 σε
1195 4271 1263 4320 >
1283 4278 1316 4314 x
1345 4261 1355 4330 Ι
1385 4261 1455 4317 20
1488 4264 1615 4329 post
1648 4280 1837 4334 κυριον
1878 4263 1939 4327 -Ι-
1968 4281 2130 4334 ημων
2166 4265 2275 4317 emt
2304 4269 2314 4332 Ι
2344 4265 2413 4318 20
2437 4267 2803 4318 υπολειπεται

589 4341 719 4396 Amt
748 4345 758 4410 Ι
800 4345 869 4400 20
900 4365 1037 4417 ημιν
1071 4357 1140 4406 >
1181 4346 1230 4398 Α
1272 4352 1283 4414 Ι
1327 4349 1396 4402 22
1431 4350 1555 4416 post
1594 4363 1699 4401 σου
1734 4350 1798 4416 -Ι-
1838 4368 1931 4401 και
1967 4367 2033 4418 γε
2064 4367 2225 4421 ημεις
2256 4370 2410 4404 αυτοι
2448 4367 2481 4404 x
2524 4351 2533 4421 Ι
2577 4350 2646 4404 22
2680 4354 2807 4421 post

591 4445 661 4494 γη
702 4430 766 4495 -Ι-
803 4449 962 4500 ημων
998 4434 1080 4515 mt
1109 4435 1120 4496 Ι
1149 4432 1218 4485 22
1255 4440 1671 4508 ερημωθησεται
1705 4435 1803 4488 AD
1830 4433 1946 4504 [GR]
1984 4435 2177 4492 Famtx
2210 4437 2223 4507 Ι
2249 4437 2318 4492 23
2353 4447 2422 4499 >
2455 4454 2487 4492 z

2836 1001 2869 1047 5

2841 1524 2908 1569 10

2843 2048 2908 2093 15

2841 2575 2911 2620 20
