3169 4941
347 613 369 657 1

309 1544 372 1589 10

307 2065 370 2111 15

1282 428 1507 485 Genesis
1543 431 1631 487 30.
1670 431 1758 485 31.
2531 426 2631 484 121

406 590 692 659 ἐνώπιον
733 596 864 658 τῶν
899 588 1153 679 ῥάβδων
1193 588 1518 658 ἐλθόντων
1555 583 1763 659 αὐτῶν
1804 587 1900 669 εἰς
1940 588 2015 658 ‘co‘
2062 594 2243 659 πιεῖν
2259 643 2275 673 ,
2330 588 2633 678 ἕγκισσή-

407 718 574 763 σωσι
635 697 718 762 τὰ
781 682 1086 784 πρόβατα
1147 692 1242 774 εἷς
1300 694 1422 775 τὰς
1478 690 1775 783 ῥάβδους.
1894 694 2078 763 39καὶ
2134 691 2477 761 ἕνεκίσσων
2546 694 2630 761 τὰ

407 794 714 888 πρόβατα
758 796 852 879 εἷς
892 800 1012 878 τὰς
1053 794 1356 901 ῥάβδους,
1410 799 1519 866 καὶ
1555 795 1809 866 ἔτικτον
1856 798 1940 866 τὰ
1984 794 2289 888 πρόβατα
2331 793 2635 865 διάλευκα

410 902 530 971 καὶ,
579 901 854 971 ποικίλα
917 900 1028 970 καὶ
1069 904 1430 994 σποδοειδῆ
1482 899 1699 991 ραντά.
1796 902 2017 984 4’(’τοὺς
2076 902 2149 971 δὲ
2208 896 2451 987 άμνούς
2502 901 2651 970 διέ--

410 1008 658 1074 στειλεν
698 1001 935 1092 Ἰακώβ
949 1060 966 1090 ,
1045 1005 1156 1074 καὶ
1217 1004 1482 1097 ἔστησεν
1528 1004 1819 1073 ἐναντίον
1876 1010 2003 1073 τῶν
2063 1002 2410 1096 προβάτων
2454 1004 2635 1095 κριὸν

409 1110 737 1179 διάλευκον
781 1111 894 1179 καὶ
937 1116 1073 1177 πᾶν
1117 1108 1422 1179 ποικίλον
1469 1111 1538 1179 ἐν
1581 1116 1723 1190 τοῖς
1778 1106 2009 1196 άμνοῖς
2024 1133 2038 1149 ·
2105 1110 2219 1177 καὶ
2270 1106 2636 1198 διεχώρισεν

409 1211 616 1303 ἑαυτῷ
665 1212 946 1299 ποίμνια
1001 1208 1157 1281 καθ>
1215 1211 1440 1282 ἑαυτόν
1457 1268 1474 1298 ,
1549 1214 1661 1282 καὶ
1716 1210 1829 1282 οὐκ
1891 1212 2107 1300 ἔμιξεν
2172 1212 2336 1282 αὐτὰ
2401 1211 2497 1293 εἰς
2554 1212 2635 1280 τὰ

407 1315 714 1409 πρόβατα
767 1315 1029 1404 Λάβαν.
1125 1323 1186 1361 4¹
1204 1319 1454 1405 ἐγένετο
1512 1318 1584 1386 δὲ
1642 1316 1711 1387 ἐν
1761 1326 1859 1407 τῷ
1920 1325 2124 1409 καιρῷ
2180 1311 2236 1409 ᾦ
2289 1316 2633 1386 ἐνεκίσσων

408 1424 492 1490 τὰ
537 1422 842 1511 πρόβατα
872 1422 941 1489 ἐν
970 1422 1200 1512 γαστρὶ
1236 1417 1650 1509 λαμβάνοντα
1681 1420 1920 1513 ἔθηκεν
1960 1416 2183 1508 Ἰακώβ
2216 1421 2335 1501 τὰς
2363 1420 2637 1511 ῥάβδους

407 1524 703 1594 ἐναντίον
743 1535 873 1593 τῶν
912 1522 1266 1615 προβάτων
1309 1526 1378 1594 ἐν
1417 1532 1562 1606 τοῖς
1606 1530 1823 1615 ληνοῖς
1838 1580 1855 1610 ,
1900 1531 2015 1595 τοῦ
2044 1526 2424 1616 ἕγκισσῆσαι
2467 1522 2633 1594 αὐτὰ

407 1629 576 1698 κατὰ
630 1631 750 1711 τὰς
800 1626 1090 1720 ῥάβδους.
1185 1636 1247 1674 4²
1274 1628 1463 1720 ἡνίκα
1509 1624 1567 1697 δ’
1626 1628 1705 1697 ἂν
1760 1628 1941 1699 ἔτεκε
1977 1631 2059 1697 τὰ
2103 1626 2437 1718 πρόβατα,
2516 1626 2635 1696 οὐκ

406 1732 621 1802 ἐτίθει
641 1758 656 1773 ·
703 1734 950 1823 ἐγένετο
997 1735 1070 1803 δὲ
1112 1735 1196 1802 τὰ
1238 1734 1358 1819 μὲν
1399 1731 1617 1825 ἄσημα
1656 1740 1771 1803 τοῦ
1803 1734 2079 1819 Λάβαν,
2126 1734 2211 1801 τὰ
2238 1733 2313 1802 δὲ
2340 1729 2635 1822 ἐπίσημα

405 1845 519 1905 τοῦ
545 1830 788 1924 Ἰακώβ.
838 1842 898 1882 ⁴³
911 1838 1024 1906 καὶ
1055 1834 1450 1929 ἕπλούτησεν
1479 1836 1515 1906 ὃ
1532 1835 1896 1928 ἄνθρωπος
1914 1838 2172 1929 σφόδρα
2198 1837 2455 1927 σφόδρα
2474 1862 2487 1877 ·
2521 1834 2637 1902 καὶ

406 1938 655 2027 ἐγένετο
696 1932 873 2030 αὐτῷ
915 1939 1109 2031 κτήνη
1157 1940 1373 2009 πολλὰ
1411 1939 1523 2008 καὶ
1553 1938 1708 2026 βόες
1736 1942 1845 2009 καὶ
1877 1944 2112 2022 παῖδες
2142 1940 2254 2008 καὶ
2286 1938 2635 2008 παιδίσκαι

407 2043 520 2111 καὶ
573 2041 843 2135 κάμηλοι
902 2044 1015 2112 καὶ
1071 2042 1224 2111 ’σ’νοι.
1323 2042 1609 2134 1ἤκουσε
1658 2046 1730 2113 δὲ
1768 2042 2007 2131 Ἰακώβ
2068 2043 2152 2113 τὰ
2212 2041 2467 2134 ῥήματα
2507 2050 2636 2112 τῶν
2666 2044 2756 2111 31

405 2147 560 2217 υὶιῢν
590 2145 836 2235 Λάβαν
878 2145 1192 2236 λεγόντων
1233 2144 1513 2239 Εἴληφεν
1547 2146 1791 2234 Ἰακώβ
1834 2149 2053 2217 πάντα
2088 2149 2179 2236 ,τὰ
2220 2154 2337 2215 τοῦ
2382 2147 2637 2237 πατρὸς

405 2252 586 2343 ἡμῶν
596 2306 612 2337 ,
690 2252 803 2320 καὶ
855 2252 929 2320 ἐκ
985 2256 1112 2319 τῶν
1170 2258 1282 2321 τοῦ
1341 2253 1592 2341 πατρὸς
1646 2251 1827 2343 ἡμῶν
1880 2251 2209 2343 πεποίηκε
2255 2260 2480 2320 πᾶσαν
2523 2252 2636 2342 τὴν

407 2352 598 2438 δόξαν
639 2352 894 2447 ταύτην.
990 2360 1016 2399 2
1033 2355 1144 2423 καὶ
1189 2350 1360 2423 εἶδεν
1392 2353 1635 2442 Ἰακὼβ
1674 2356 1751 2423 τὸ
1800 2352 2162 2445 πρόσωπον
2202 2361 2319 2424 τοῦ
2365 2353 2629 2442 Λάβαν,

551 2550 581 2603 1
620 2550 748 2616 post
779 2548 1002 2622 ραβδων
1024 2548 1087 2615 -Ι-
1110 2568 1204 2602 και
1239 2547 1285 2602 Α
1318 2549 1325 2618 Ι
1359 2550 1387 2602 1
1429 2549 1703 2603 αυτοίἘ1
1734 2551 1742 2618 Ι
1775 2551 1805 2604 1
1844 2567 1921 2608 εις
1955 2558 2183 2608 το>ηι
2214 2551 2223 2615 Ι
2257 2550 2287 2603 1
2328 2567 2515 2602 πινειν
2550 2566 2577 2600 z
2617 2547 2626 2618 Ι

410 2636 498 2703 112
523 2649 924 2702 ενκισοησωσιν
947 2632 1010 2698 A,
1051 2650 1456 2702 εκκισσησωσιν
1473 2635 1535 2700 Ε,
1565 2651 1905 2706 εγκισησωσι
1930 2638 2027 2697 mt,
2054 2649 2318 2704 εγγισωσι
2353 2653 2381 2687 z
2402 2633 2513 2706 fl2s3
2537 2654 2631 2688 και

409 2737 578 2791 usque
611 2721 849 2794 ραβδους
883 2731 951 2780 >
984 2720 1160 2791 Aaeyz
1226 2723 1234 2791 Ι
1290 2725 1323 2778 2
1357 2721 1474 2776 loeo
1523 2737 1822 2776 ενεκισσων
1863 2723 1907 2776 Ε
1957 2725 2233 2775 ελθοντων
2268 2740 2347 2780 εις
2379 2741 2441 2775 το
2478 2739 2633 2775 metm

409 2822 712 2875 εκισσησαν
763 2809 774 2876 Ι
843 2809 878 2861 3
913 2811 1040 2877 post
1069 2817 1318 2882 προβατα
1355 2808 1587 2863 alterum
1624 2810 1689 2877 -Ι-
1727 2811 1956 2862 ποικιλα
1993 2808 2038 2861 Ε
2104 2808 2111 2877 Ι
2177 2809 2215 2862 4
2249 2808 2485 2861 σποδοει
2521 2807 2569 2862 Α
2594 2812 2630 2870 ¹,

410 2894 584 2963 prima
621 2909 786 2948 manu
834 2897 1157 2950 correctum.
1214 2896 1400 2962 σποδη
1437 2895 1542 2948 22?
1608 2898 1616 2960 Ι
1682 2896 1720 2949 4
1771 2896 1834 2949 δε
1873 2904 1941 2953 >
1978 2895 2021 2948 Ε
2072 2895 2080 2962 Ι
2141 2894 2173 2948 5
2211 2894 2454 2963 εστησεν]
2497 2899 2633 2960 ⁶3²2—

411 2997 505 3033 κεν
536 2996 594 3034 ez
641 2982 650 3046 Ι
700 2981 732 3034 5
769 2999 1034 3035 εναντιων
1068 2984 1095 3035 t
1125 2981 1133 3051 Ι
1182 2981 1214 3035 5
1249 2986 1449 3056 κροιῶν
1480 3000 1508 3034 z
1539 2984 1548 3047 Ι
1579 2984 1614 3036 6
1651 3001 1744 3035 και
1781 2983 2174 3051 παμποικιλον
2208 2997 2263 3034 m
2306 2978 2316 3051 Ι
2359 2984 2393 3036 6
2430 2981 2631 3049 διεχω-

415 3082 582 3132 ρησεν
615 3069 671 3121 tz
701 3067 710 3135 Ι
741 3067 775 3121 8
815 3069 942 3136 post
977 3087 1151 3139 καιρῳ
1191 3070 1255 3136 -Ι-
1290 3086 1351 3120 εν
1387 3084 1467 3132 m,
1504 3071 1571 3137 -Ι-
1613 3087 1803 3122 εκεινω
1839 3085 1868 3122 z
1899 3069 1907 3136 Ι
1939 3067 1973 3121 8
2012 3087 2055 3136 ῳ
2095 3068 2415 3136 ενεκισσων]
2456 3066 2529 3125 ὥς
2562 3065 2633 3120 ἂν

415 3154 669 3221 ἔκισσησε
689 3172 718 3207 z
750 3155 758 3223 Ι
789 3156 822 3209 9
859 3173 892 3207 ν
925 3154 1072 3209 uocis
1109 3172 1170 3209 εν
1207 3155 1266 3210 in
1301 3171 1489 3210 rasura
1525 3155 1598 3210 A:
1642 3156 1887 3210 fueratne
1922 3154 2001 3224 y?
2042 3156 2052 3223 Ι
2104 3154 2138 3207 9
2175 3157 2300 3226 post
2335 3161 2533 3222 εθηκεν
2566 3156 2631 3221 -Ι-

416 3241 476 3294 δε
508 3241 552 3294 Ε
607 3243 617 3306 Ι
673 3242 742 3297 10
775 3259 1035 3294 εναντιων
1067 3243 1094 3296 t
1139 3244 1147 3308 Ι
1204 3243 1272 3296 10
1306 3261 1420 3302 τοις
1456 3243 1552 3307 be,
1590 3262 1710 3302 ταις
1743 3243 2013 3312 AEmtyz.
2050 3242 2289 3296 aldinam
2323 3242 2414 3296 uix
2449 3241 2635 3296 dubito

414 3346 535 3388 ταις
564 3329 798 3382 uoluisse
814 3369 827 3392 ,
863 3344 989 3383 nam
1029 3344 1088 3382 aa
1123 3345 1414 3398 numquam
1452 3345 1550 3397 pro
1583 3350 1667 3390 οις
1700 3330 1960 3399 seriptum
1995 3345 2081 3383 me
2106 3329 2338 3398 reperire
2374 3329 2595 3383 memini
2622 3328 2631 3399 Ι

417 3415 484 3468 10
520 3429 842 3481 ενκι-οσησαι
878 3413 950 3478 Α,
989 3431 1319 3486 εγγισσησαι
1355 3433 1386 3470 z
1440 3417 1449 3483 Ι
1499 3417 1566 3470 10
1604 3416 1765 3485 αυτα]
1806 3416 1951 3468 αὐτῶ
1985 3431 2039 3470 m
2094 3419 2103 3483 Ι
2158 3416 2221 3468 11
2262 3416 2299 3467 δ
2336 3434 2405 3468 αν
2444 3433 2635 3468 ετεκον

414 3501 516 3564 Ee,
569 3501 633 3553 δε
672 3518 848 3554 enne
885 3519 934 3564 z,
979 3521 1088 3574 γαρ
1123 3520 1312 3556 ετεκον
1345 3501 1422 3565 Α,
1477 3505 1592 3556 mt⁹
1615 3527 1685 3545 =-
1711 3502 1745 3555 b
1786 3502 1987 3570 [ετεκεν
2020 3502 2103 3570 tl]
2179 3505 2187 3566 Ι
2257 3503 2323 3555 12
2362 3506 2519 3567 ετιθη
2553 3502 2581 3552 t
2622 3498 2629 3569 Ι

417 3588 486 3642 12
521 3605 629 3657 μεν
661 3597 730 3646 >
767 3587 1068 3657 AEaemtyz
1101 3589 1109 3658 Ι
1143 3590 1210 3644 12
1245 3588 1458 3659 ασημα]
1498 3587 1745 3658 „Aquila
1784 3599 1997 3657 οψιμα,
2048 3587 2399 3658 Symmachus
2446 3586 2633 3640 δευτε-

417 3677 670 3744 ρογονα“
710 3671 745 3726 b
789 3676 798 3739 Ι
843 3676 910 3729 12
938 3674 1065 3743 του]
1101 3693 1176 3727 τω
1209 3673 1254 3726 Ε
1302 3673 1311 3742 Ι
1355 3673 1422 3727 13
1458 3674 1579 3743 του]
1617 3693 1692 3726 τω
1728 3673 1773 3726 Ε
1813 3675 1822 3739 Ι
1858 3674 1940 3728 ,13
1977 3675 2301 3726 επλουτισεν
2338 3675 2404 3737 ΖΙ
2440 3671 2510 3726 14
2543 3690 2636 3724 και

416 3758 646 3826 primum
683 3768 750 3818 >
780 3759 824 3812 Ε
881 3764 889 3826 Ι
946 3761 1014 3816 14
1048 3776 1142 3812 και
1179 3759 1470 3813 secundum
1507 3761 1562 3813 et
1599 3759 1822 3813 tertium
1858 3767 1927 3817 >
1962 3774 1997 3811 a
2050 3760 2059 3827 Ι
2116 3759 2183 3812 14
2218 3778 2311 3813 και
2348 3756 2637 3812 seeundum

415 3854 482 3904 >
519 3847 635 3915 mty
699 3848 708 3911 Ι
782 3846 848 3900 15
884 3866 977 3899 και
1011 3846 1163 3914 prius
1197 3854 1265 3903 >
1299 3848 1478 3913 amtyz
1546 3848 1554 3911 Ι
1624 3847 1690 3900 15
1726 3848 1852 3913 post
1892 3864 2019 3899 ονοι
2063 3847 2127 3913 -Ι-
2166 3866 2258 3899 και
2295 3863 2520 3916 ημιονοι
2558 3859 2587 3896 e
2626 3843 2634 3910 Ι

418 3931 484 3985 15
524 3946 756 3998 ηκουσεν
789 3930 910 3986 AEt
929 3937 947 3968 ¹
979 3934 986 3998 Ι
1019 3933 1086 3988 16
1122 3951 1190 3984 τα
1225 3941 1293 3989 >
1335 3949 1362 3982 z
1395 3930 1402 3999 Ι
1452 3931 1519 3986 16
1561 3931 1769 3995 „litera
1804 3950 1851 3984 π
1887 3932 2035 3988 uocis
2072 3950 2281 4005 πατρος
2314 3945 2454 3983 nouo
2492 3931 2637 3982 atra-

415 4018 596 4071 mento
639 4016 873 4071 obducta
913 4020 998 4072 est
1045 4033 1079 4070 a
1115 4032 1278 4070 manu
1312 4016 1560 4070 recenti“
1600 4016 1649 4069 A
1715 4017 1724 4084 Ι
1794 4015 1858 4071 17
1912 4035 2006 4069 και
2062 4034 2122 4070 εκ
2155 4034 2267 4069 των
2300 4033 2399 4068 του
2436 4033 2641 4087 πατρος

416 4120 578 4172 ημων
613 4113 681 4162 >
718 4121 746 4155 z
797 4104 806 4172 Ι
860 4105 927 4159 17
967 4123 1027 4158 εκ
1060 4121 1169 4156 των
1204 4117 1368 4156 manu
1405 4101 1637 4155 secunda
1682 4102 1739 4155 in
1778 4117 1968 4156 rasura
2002 4101 2050 4154 A
2114 4101 2123 4168 Ι
2190 4103 2255 4155 17
2291 4118 2404 4153 των
2434 4109 2502 4158 >
2537 4099 2581 4153 Ε
2626 4099 2635 4170 Ι

417 4191 485 4244 17
521 4205 830 4255 πεποιηκεν
861 4188 942 4254 A,
983 4203 1248 4256 εποιησεν
1282 4188 1357 4252 Ε,
1395 4203 1624 4253 εποιησε
1662 4204 1692 4240 z
1723 4190 1731 4252 Ι
1766 4189 1834 4243 18
1866 4205 2069 4252 ταυτην
2102 4196 2170 4245 >
2196 4189 2277 4240 mt
2307 4188 2316 4252 Ι
2348 4186 2416 4240 18
2450 4184 2641 4239 literae

419 4275 509 4328 ειδ
541 4275 692 4328 uocis
741 4276 892 4329 ειδεν
939 4292 1104 4330 manu
1135 4276 1310 4344 prima
1360 4274 1419 4327 in
1453 4289 1643 4327 rasura
1694 4275 1903 4341 septem
1938 4272 2323 4326 elementorum
2374 4273 2557 4340 capaci
2593 4271 2641 4326 A

415 4361 496 4414 ita
513 4401 527 4426 ,
580 4364 645 4415 ut
679 4361 897 4429 singula
935 4363 1201 4417 elementa
1251 4360 1514 4428 rescripta
1550 4359 1799 4428 singulae
1842 4359 2033 4414 literae
2070 4357 2305 4413 radendo
2341 4357 2549 4413 deletae
2588 4362 2644 4414 et

419 4447 746 4518 praecedant
777 4450 834 4502 et
871 4451 1189 4522 sequantur.
1227 4448 1352 4501 ιδεν
1383 4447 1459 4500 Ez
1490 4446 1499 4516 Ι
1535 4446 1601 4503 18
1627 4465 1725 4500 του
1760 4457 1827 4507 >
1866 4445 2069 4510 AEmz,
2106 4444 2274 4500 habet
2306 4447 2333 4500 t
