3169 4941
599 419 672 474 40

770 582 851 642 Et
894 581 1036 642 haec
1076 583 1316 643 nomina
1353 579 1641 660 filiorum
1684 579 1946 640 Ismakel
1991 581 2056 639 in
2100 579 2438 640 nominibus
2482 580 2613 639 suis
2650 580 2713 638 et
2764 579 2831 637 in
2868 579 2896 632 1

591 686 1076 770 yenerationibus
1113 688 1258 747 suia
1335 686 1783 766 primoyenitus
1824 682 2143 744 Ismahelis
2191 681 2490 744 Nabaioth
2534 684 2592 742 et
2632 679 2838 743 Gedar

599 790 665 853 et
708 786 930 870 reliqui
989 805 1187 869 usque
1246 785 1326 850 ad
1383 805 1530 851 eum
1583 785 1795 850 locum
1855 784 1966 849 ubi
2008 783 2101 849 ait
2158 788 2214 847 et
2274 785 2703 846 habitauerunt
2762 786 2835 846 ab

597 893 786 956 Euila
825 911 1010 974 usque
1055 890 1191 968 Sur,
1259 911 1408 972 quae
1461 894 1547 953 est
1603 895 1809 953 contra
1855 889 2080 968 faciem
2136 887 2404 971 Aegypti
2456 891 2839 951 uenientibus

597 1000 663 1059 in
704 995 994 1077 Assyrios
1009 1045 1026 1072 ,
1093 999 1157 1057 in
1229 999 1537 1078 conspectu
1593 997 1858 1056 omnium
1914 992 2200 1073 fratrum
2272 1013 2523 1054 suorum
2597 991 2833 1054 occidit.
2867 991 2899 1047 5

603 1097 928 1163 duodecim
970 1098 1086 1162 filii
1125 1099 1470 1164 nascuntur
1498 1095 1835 1175 Ismahe10‚
1876 1114 1924 1161 e·
1951 1095 2175 1178 quibus
2210 1092 2668 1179 primogenitus
2710 1094 2839 1159 fuit

603 1201 956 1279 Nabaioth,
1021 1221 1058 1266 a
1103 1221 1224 1285 quo
1270 1202 1472 1266 omnis
1525 1199 1702 1284 regio
1758 1200 1837 1264 ab
1880 1199 2204 1284 Euphrate
2262 1185 2457 1281 usque
2516 1198 2597 1262 ad
2651 1217 2836 1262 mare

602 1304 865 1369 rubrum
893 1304 1274 1370 Nabathena
1299 1323 1498 1387 usque
1532 1303 1717 1368 hodie
1749 1303 1999 1382 dicitur,
2032 1321 2193 1385 quae
2224 1320 2371 1386 pars
2401 1301 2676 1367 Arabiae
2712 1303 2833 1368 est.

603 1426 752 1472 nam
795 1409 860 1472 et
889 1408 1166 1472 familiae
1211 1425 1428 1473 eorum
1464 1407 1815 1491 oppidaque
1850 1409 1913 1471 et
1957 1406 2107 1490 pagi
2155 1425 2229 1470 ac
2270 1405 2519 1470 minuta
2562 1405 2835 1471 castella

599 1512 666 1576 et
723 1511 927 1576 tribus
991 1529 1208 1577 eorum
1275 1510 1692 1595 appellatione
1747 1509 2147 1575 celebrantur
2218 1510 2298 1574 ab
2358 1529 2483 1574 uno
2549 1529 2829 1593 quoque:
2867 1521 2931 1575 10

601 1633 677 1680 ex
731 1615 832 1679 his
877 1615 1076 1681 Cedar
1121 1616 1187 1680 in
1250 1616 1492 1680 deserto
1537 1617 1602 1680 et
1642 1616 1851 1680 Duma
1896 1614 2019 1680 alia
2081 1615 2256 1697 regio
2304 1615 2367 1678 et
2412 1614 2696 1678 Theman
2752 1611 2833 1678 ad

605 1720 891 1784 austrum
940 1723 1004 1785 et
1067 1719 1334 1785 Cedema
1395 1719 1476 1784 ad
1535 1717 1846 1784 orientem
1901 1718 2089 1802 plaga
2144 1717 2389 1783 dicitur.
2494 1717 2657 1800 quod
2714 1736 2833 1782 au-

603 1824 736 1888 tem
789 1824 854 1887 in
914 1826 1189 1888 extremo
1247 1823 1434 1888 huius
1498 1822 1759 1905 capituli
1831 1823 2008 1886 iuxta
2063 1821 2234 1887 LXX
2299 1821 2567 1905 legimus
2624 1827 2835 1886 contra

601 1927 817 1996 faciem
877 1933 1138 1991 omnium
1177 1928 1458 2009 fratrum
1519 1949 1770 1990 suorum
1830 1929 2156 2004 habitauit,
2214 1926 2426 1990 uerius
2496 1927 2593 1990 est
2647 1925 2853 2002 illud,-

606 2029 768 2114 quod
810 2049 923 2096 nos
967 2031 1290 2115 posuimus
1331 2051 1533 2094 coram
1573 2033 1848 2094 omnibus
1880 2029 2183 2108 fratribus
2225 2035 2354 2093 suis
2398 2032 2698 2108 occubuit,
2761 2027 2830 2092 id
2868 2041 2927 2095 15

609 2135 706 2198 est
743 2133 810 2196 in
853 2134 1142 2199 manibus
1172 2135 1450 2200 omnium
1494 2133 1768 2198 filiorum
1817 2152 2075 2198 suorum
2114 2135 2399 2197 mortuus
2444 2134 2559 2211 est,
2606 2152 2831 2217 super-

608 2237 862 2302 stitibus
908 2237 1122 2303 liberis
1155 2242 1220 2304 et
1260 2237 1434 2303 nullo
1478 2238 1651 2321 prius
1698 2239 1901 2302 morte
1941 2238 2291 2320 praerepto.
2352 2236 2579 2302 fratres
2614 2238 2832 2301 autem

605 2359 716 2424 pro
761 2340 909 2406 filiis
951 2342 1284 2426 appellari,
1367 2341 1556 2406 Iacob
1602 2359 1845 2426 quoque
1894 2341 1973 2405 ad
2014 2340 2232 2405 Laban
2279 2339 2669 2404 demonstrat
2732 2338 2830 2404 di-

604 2463 751 2511 cens
795 2446 950 2530 quod
991 2453 1078 2510 est
1118 2451 1429 2532 peccatum
1473 2467 1671 2511 meum
1690 2496 1705 2523 ‚
1766 2451 1907 2530 quia
1952 2451 2305 2531 persecutus
2347 2467 2409 2510 es
2446 2449 2587 2530 post
2639 2467 2734 2509 me
2774 2450 2833 2509 et

603 2556 744 2634 quia
789 2556 1088 2615 scrutatus
1133 2574 1195 2614 es
1235 2556 1433 2615 omnia
1476 2572 1627 2614 uasa
1668 2552 1841 2614 mea?
1945 2552 2091 2634 quid
2143 2554 2432 2613 inueni-etz·
2466 2551 2538 2613 de
2581 2554 2824 2613 uniuer-
2860 2559 2925 2614 20

602 2659 690 2718 sis
731 2660 900 2718 uaeas
943 2656 1154 2719 domus
1197 2654 1376 2719 tuae?
1477 2661 1741 2739 ponatur
1782 2677 1982 2719 coram
2014 2655 2332 2735 fratribus
2382 2659 2531 2717 meis
2588 2659 2645 2717 et
2693 2653 2827 2731 fra-

603 2762 800 2822 tribus
835 2764 988 2837 iaie,
1049 2765 1106 2823 et
1151 2759 1477 2822 diiudicent
1517 2764 1677 2823 inter
1720 2781 1839 2822 nos.
1942 2777 2058 2822 1180
2099 2758 2265 2823 enim
2312 2774 2641 2840 possumus
2688 2776 2827 2821 cre-

608 2862 752 2927 dere
769 2912 784 2941 ,
837 2865 911 2928 ut
967 2863 1278 2946 scriptura
1323 2864 1806 2940 commemorat,
1853 2861 2017 2945 quod
2058 2862 2244 2926 Iacob
2292 2860 2565 2944 exceptis
2607 2858 2827 2925 liberis

605 2985 818 3032 secum
862 2968 1091 3032 fratres
1131 2966 1373 3049 aliquos
1417 2966 1727 3031 habuerit.

777 3074 861 3135 Et
903 3076 1160 3155 concepit
1202 3072 1468 3133 Rebecca
1513 3092 1671 3133 umor
1732 3075 1861 3133 eius
1876 3118 1893 3147 ,
1954 3075 2009 3133 et
2070 3072 2459 3132 mouebantur
2497 3067 2639 3148 filii
2690 3070 2826 3129 eius
2861 3072 2929 3126 25

602 3178 668 3237 in
716 3196 802 3237 ea.
916 3192 1028 3255 pro
1087 3173 1363 3238 motione
1425 3174 1597 3237 LXX
1655 3173 2033 3257 interpretes
2088 3172 2435 3255 posuerunt
2493 3163 2825 3253 ἐσκίρτων,

604 3277 671 3341 id
735 3278 833 3341 est
886 3276 1192 3342 ludebant
1247 3277 1382 3341 siue
1441 3276 1889 3342 calcitrabant:
1966 3276 2131 3358 quod
2188 3274 2421 3358 Aquila
2493 3272 2831 3339 transtulit

491 3378 508 3393 ‘
606 3380 1128 3464 confringebantur
1153 3382 1293 3463 filii
1329 3386 1393 3444 in
1437 3386 1605 3445 utero
1651 3385 1812 3458 eius,
1854 3379 2269 3463 Symmachus
2313 3397 2465 3445 uero
2497 3373 2826 3457 διέπλεον,

606 3484 672 3549 id
717 3488 814 3551 est
861 3486 926 3549 in
967 3484 1379 3551 similitudine
1423 3484 1607 3549 nauis
1649 3485 1716 3548 in
1758 3483 2085 3567 superficie
2132 3484 2512 3549 ferebantur.

779 3592 862 3653 Et
909 3612 1180 3673 egressus
1233 3594 1320 3653 est
1353 3594 1601 3673 primus
1655 3592 1877 3653 rubeus
1929 3592 2085 3651 totus·
2138 3592 2294 3651 saut
2340 3589 2519 3670 pellis
2564 3589 2825 3670 pilosus.
2862 3599 2929 3653 30

606 3691 714 3757 ubi
775 3711 889 3757 1108
957 3692 1228 3776 pilosum
1293 3692 1617 3775 posuimus
1638 3740 1653 3769 ‚
1738 3692 1803 3755 in
1856 3691 2125 3757 hebraeo
2170 3690 2363 3755 habet
2406 3694 2543 3756 seir.
2660 3688 2829 3753 unde

607 3798 809 3875 Esau,
858 3797 1021 3862 sicut
1068 3798 1132 3861 et
1173 3796 1325 3862 alibi
1367 3797 1667 3879 legimu8‚
1712 3793 1880 3874 Scir,
1923 3795 1990 3859 id
2020 3796 2117 3860 est
2158 3795 2429 3877 pilosuS‚
2472 3794 2570 3857 est
2601 3792 2829 3858 dictus,

508 3932 514 3946 ·
606 3922 634 3975 1
653 3921 856 3983 cenef),
871 3918 1131 3989 13-18113
1149 3924 1258 3972 cen
1272 3919 1358 3985 25,
1378 3919 1444 3973 18
1460 3919 1542 3989 119
1559 3924 1671 3972 cen
1683 3920 1768 3986 31,
1788 3920 1856 3976 36
1870 3922 1937 3976 37
1953 3918 2033 3989 125
2048 3922 2159 3985 een
2171 3919 2255 3985 25,
2271 3920 2336 3975 21
2353 3920 2422 3973 22
2441 3916 2523 3986 130
2539 3919 2647 3969 cen
2660 3918 2744 3981 25,
2757 3918 2833 3973 25

753 4022 780 4074 1
818 4022 1069 4072 hismahel
1102 4040 1145 4090 φ
1198 4021 1207 4087 Ι
1263 4021 1296 4073 2
1328 4021 1628 4071 hismahelis
1670 4041 1714 4091 φ
1781 4019 1790 4089 Ι
1854 4021 1889 4075 2
1926 4022 2149 4071 nabeoth
2190 4039 2235 4090 φ
2294 4018 2302 4086 Ι
2358 4019 2393 4073 3
2430 4018 2617 4083 reliqui
2650 4022 2773 4088 βγφ
2818 4017 2829 4087 1

608 4106 642 4161 6
672 4108 910 4158 ismaheli
943 4114 978 4175 β
1028 4107 1037 4174 Ι
1087 4109 1116 4162 7
1154 4107 1308 4159 aboth
1345 4111 1434 4177 φῖ,
1486 4108 1677 4158 naboth
1716 4110 1787 4177 (522
1840 4107 1848 4175 1
1901 4108 1936 4161 8
1976 4108 2260 4157 nabethena
2302 4126 2348 4177 φ
2397 4105 2406 4172 Ι
2456 4105 2489 4158 9
2526 4120 2701 4155 eorum
2735 4109 2833 4171 βγ,

605 4193 837 4257 ipsorum
873 4213 917 4264 φ
949 4190 958 4261 Ι
990 4195 1022 4248 9
1058 4194 1253 4244 minuta
1286 4198 1386 4263 βφ,
1425 4194 1620 4243 munita
1657 4213 1695 4261 y
1726 4194 1735 4259 1
1770 4194 1835 4248 10
1872 4210 2045 4245 eorum
2080 4198 2170 4261 βγ,
2208 4194 2394 4243 horum
2436 4211 2479 4261 φ
2512 4189 2520 4257 Ι
2556 4190 2622 4244 12
2660 4190 2832 4240 orien-

606 4284 710 4329 tem
744 4280 902 4344 plaga
940 4299 1008 4349 φ,
1048 4280 1345 4329 orientalem
1379 4280 1589 4345 plagam
1624 4284 1699 4347 βγ
1741 4284 1749 4340 1
1795 4279 1860 4332 19
1900 4283 2231 4344 persequutus
2271 4296 2315 4347 φ
2356 4275 2365 4346 Ι
2409 4276 2479 4331 28
2524 4286 2832 4343 Aynnaewu

605 4366 758 4426 berol,
797 4378 1068 4415 arnnanon
1105 4368 1340 4427 scaphae,
1376 4363 1637 4417 (11071λοοΝ
1660 4368 1861 4433 frising
1878 4362 1971 4434 129
1991 4364 2375 4416 similitudinem
2390 4383 2433 4435 φ
2450 4360 2459 4433 Ι
2479 4362 2550 4417 30
2584 4360 2833 4432 10118118φ
