3169 4941
568 399 671 457 158
810 438 821 451 .
1498 362 1724 459 aeneus
1758 402 1846 459 38.

561 560 675 651 τὴν
729 560 795 629 ἐν
850 567 931 651 τῇ
978 557 1146 649 χειρί
1202 584 1339 629 σου.
1420 562 1533 630 καὶ
1582 559 1816 632 ἔδωκεν
1872 565 2063 654 αὐτῇ,
2137 562 2252 631 καὶ
2301 561 2569 653 εἰσῆλθε
2610 562 2780 653 πρὸς
2815 582 2842 627 1

563 663 791 755 αὐτήν·
861 664 971 732 καὶ
1032 664 1097 732 ἐν
1158 665 1391 755 γαστρὶ
1448 665 1676 755 ελαβεν
1736 669 1812 751 ἐξ
1876 666 2092 736 αὐτοῦ.
2184 672 2243 711 ¹⁹
2273 667 2384 735 καὶ
2443 668 2777 737 ἀναστᾶσα

2033 769 2394 802 )))))

564 770 831 860 ἀπῆλθε
843 823 861 854 ,
908 796 1021 838 και
1066 773 1429 859 περιείλετο
1471 771 1549 841 τὸ
1582 772 1932 901 θέριστρον
1974 799 2168 864 αυτης
2210 799 2308 863 αφ
2366 780 2594 864 εαυτῆς
2607 828 2622 857 ,
2668 800 2778 841 και

562 869 905 943 ἐνεδύσατο
957 874 1040 941 τὰ
1084 871 1309 961 ιμάτια
1366 882 1484 965 τῆς
1521 876 1877 967 χηρεύσεως
1929 878 2144 967 αὐτῆς.
2241 870 2662 946 ’θᾶπέστειλε
2705 876 2778 945 δὲ

556 976 796 1058 Ἰούδας
836 977 948 1046 τὸν
987 974 1214 1069 ε’ριφον
1256 978 1328 1061 ἐξ
1364 978 1561 1067 αἰγῶν
1608 980 1674 1049 ἐν
1701 980 1872 1069 χειρὶ
1913 990 2028 1048 τοῦ
2071 981 2389 1067 ποιμένος
2429 982 2624 1049 αὐτοῦ
2663 986 2778 1049 τοῢ
2811 995 2843 1043 5

548 1079 1009 1168 Ὀδολλαμίτου
1024 1136 1041 1167 ,
1090 1081 1500 1169 κομίσασθαι
1540 1084 1723 1174 παρὰ
1762 1090 1874 1177 τῆς
1914 1086 2205 1174 γυναικὸς
2252 1087 2365 1155 τὸν
2401 1081 2742 1176 ἀρραβῶνα
2761 1106 2776 1122 ·

560 1188 675 1255 καὶ
718 1189 831 1272 οὐχ
877 1182 1051 1275 εὗρεν
1110 1184 1316 1278 αὐτήν.
1402 1193 1460 1233 ²¹
1476 1185 1854 1281 ἐπηρώτησε
1906 1190 1980 1259 δὲ
2023 1191 2176 1271 τοὺς
2234 1187 2475 1280 ἄνδρας
2513 1192 2664 1272 τοὺς
2705 1191 2777 1260 ἐκ

558 1295 673 1359 τοῦ
709 1288 922 1360 τόπου
965 1299 1105 1359 Ποῦ
1154 1291 1330 1361 ἔστιν
1369 1289 1407 1383 ἢ
1450 1289 1658 1384 πόρνη
1699 1293 1739 1385 ἡ
1782 1295 2088 1384 γενομένη
2129 1294 2196 1363 ἐν
2237 1294 2460 1363 Λίνὰν
2503 1296 2623 1365 ἐπὶ
2661 1298 2776 1387 τῆς

558 1394 749 1481 ὃδοῦ,·
801 1395 915 1464 καὶ
957 1388 1155 1465 εἶπαν
1203 1393 1335 1465 Οὐκ
1378 1392 1454 1489 ἦν
1507 1395 1790 1466 ἐνταῦθα
1843 1398 2067 1490 πόρνη.
2165 1400 2347 1467 ’Βκαὶ
2389 1393 2776 1491 ἀπεστράφη
2886 1450 2895 1458 -

560 1500 729 1591 πρὸς
764 1498 1003 1569 Ἰούδαν
1062 1500 1174 1568 καὶ
1222 1494 1409 1569 εἶπεν
1459 1498 1589 1586 Οὐχ
1637 1496 1844 1588 εὗρον,
1902 1502 2014 1572 καὶ
2069 1500 2132 1571 οἱ
2199 1501 2554 1593 ἅνθρωποι
2591 1501 2658 1573 οἳ
2702 1504 2776 1573 ἐκ
2813 1521 2882 1568 10

557 1613 673 1674 τοῦ
715 1602 925 1675 τόπου
980 1604 1239 1693 λέγουσι
1289 1607 1378 1733 μη
1418 1600 1586 1675 εἶναι
1629 1602 1754 1676 ὧδε
1792 1604 2050 1698 πόρνην.
2149 1612 2208 1653 23
2221 1603 2370 1677 εἶπε
2425 1612 2498 1677 δε
2537 1602 2777 1688 Ἰούδας

554 1702 788 1793 Ἐχέτω
828 1711 1017 1795 αὐτά,
1080 1703 1245 1779 ἀλλὰ
1284 1708 1541 1800 μήποτε
1593 1716 2209 1801 καταγελασθῶμεν·
2275 1711 2400 1801 ἐγώ
2445 1713 2562 1799 μὲν
2601 1711 2774 1781 ἀπέ-

562 1816 809 1882 σταλκα
847 1816 964 1885 τὸν
1003 1810 1229 1905 ε’ριφον
1269 1824 1526 1901 τοῦτον,
1582 1816 1661 1885 σὺ
1701 1816 1774 1885 δὲ
1810 1818 1922 1901 οὐχ
1963 1816 2248 1908 εὕρηκας.
2342 1818 2446 1862 ²⁴
2413 1815 2660 1907 εγένετο
2701 1816 2776 1885 δὲ

559 1918 725 2004 μετὰ
785 1916 1087 2008 τρίμηνον
1142 1912 1447 2011 ἀνηγγέλη
1516 1926 1613 2009 τῷ
1657 1913 1858 2011 Ιούδᾳ
1926 1921 2218 2009 λέγοντες
2269 1915 2775 2012 Ἐκπεπόρνευκε

568 2019 802 2113 Θάμαρ
848 2022 887 2114 ἡ
930 2021 1143 2115 νύμφη
1188 2046 1305 2092 σου
1323 2078 1340 2108 ,
1414 2026 1527 2094 καὶ
1589 2023 1731 2094 ἰδοὺ
1773 2026 1843 2093 ἐν
1884 2026 2116 2115 γαστρὶ
2155 2025 2286 2111 ἔχει
2329 2026 2403 2095 ἐκ
2447 2025 2772 2117 πορνείας.
2812 2038 2878 2085 15

561 2293 699 2332 σκον
751 2297 992 2352 ωραριον
1042 2276 1415 2347 [Casaubonus
1449 2282 1505 2334 et
1540 2280 1838 2335 Salmasius
1881 2280 1953 2336 ad
1985 2280 2179 2349 scripti:
2210 2279 2386 2335 histor
2421 2283 2683 2349 augustae
2717 2278 2774 2334 H

562 2364 663 2419 135
680 2405 694 2429 ,
712 2412 719 2419 .
736 2364 805 2418 12
840 2364 1093 2419 editionis
1127 2364 1684 2435 Eyssenhardtianae:
1737 2367 1863 2422 uide
1900 2366 2186 2436 Codinum]
2209 2408 2224 2420 .
2271 2388 2303 2421 ο
2344 2369 2410 2422 δε
2452 2388 2613 2437 αγιος
2653 2372 2771 2420 Κυ-

562 2455 747 2526 ριλλος
782 2468 1106 2526 κοσμηματι
1141 2472 1216 2524 τῳ
1253 2470 1382 2530 περι
1415 2473 1516 2521 την
1560 2454 1750 2530 δερριν
1789 2460 1908 2508 soa
1947 2456 2239 2526 χαλδαικῳ
2282 2469 2644 2526 κοσμουμενῳ
2694 2473 2770 2522 τῳ

560 2540 755 2608 ιουδᾳ.
801 2555 994 2612 χρυσῳ
1031 2558 1140 2612 γαρ
1179 2560 1334 2593 ουτοι
1382 2561 1477 2594 και
1506 2559 1704 2616 χειρας
1757 2561 1850 2594 και
1891 2541 2080 2617 δερριν
2116 2545 2645 2616 καταλαμπρυνουσι
2678 2557 2772 2592 και

561 2643 731 2691 αυτην
766 2643 864 2692 την
899 2645 1063 2698 τριχα
1102 2641 1485 2697 στεφανουσιν
1524 2632 1631 2680 sa&
1668 2630 1803 2680 οτε“
1827 2625 1862 2681 b
1893 2626 1902 2697 Ι
1935 2628 2002 2681 17
2041 2643 2316 2703 αρμισκον
2340 2642 2369 2680 ο
2397 2629 2408 2694 Ι
2441 2627 2506 2680 17
2534 2623 2772 2700 ραβδον]

562 2751 595 2776 ,,
612 2710 960 2781 Symmachus
996 2713 1336 2786 εγχειριδιον
1350 2716 1383 2738 “
1421 2711 1455 2765 b

702 2800 733 2853 1
770 2799 925 2871 αυτῇ]
969 2816 1138 2865 αυτην
1171 2814 1205 2852 a
1234 2799 1245 2866 Ι
1277 2800 1308 2853 1
1347 2801 1607 2865 εισηλθεν
1629 2797 1787 2850 AEtl
1816 2799 1824 2868 Ι
1855 2799 1890 2852 2
1915 2817 1980 2869 εγ
2003 2814 2201 2872 γαστρι
2225 2797 2273 2852 Α
2303 2801 2312 2864 Ι
2344 2799 2378 2851 2
2411 2816 2651 2858 αναστας
2673 2796 2771 2861 Al,

562 2885 622 2954 [α
648 2901 807 2954 super
828 2901 1224 2940 uersum-manu
1241 2886 1332 2940 uel
1354 2885 1528 2954 prima
1543 2884 1633 2938 uel
1650 2887 1790 2938 certe
1816 2886 2136 2956 perantiqua
2161 2885 2392 2955 quadam
2407 2885 2672 2955 additum]
2692 2883 2737 2936 E
2760 2883 2768 2954 Ι

560 2973 595 3025 3
630 2975 885 3039 απηλθεν
919 2971 1074 3024 AEt1
1104 2971 1113 3042 Ι
1146 2973 1179 3026 3
1213 2975 1526 3043 περιειλατο
1556 2971 1608 3024 D
1628 2971 1744 3041 [on]
1769 2972 1874 3037 Ez,
1910 2977 2267 3047 περιεβαλετο
2286 2971 2350 3038 A,
2387 2975 2628 3048 περιεῖλε
2650 2973 2730 3025 mt
2758 2967 2766 3038 Ι

560 3060 595 3114 3
624 3065 881 3132 θεριστον
904 3077 931 3111 z
962 3061 972 3128 Ι
1016 3061 1051 3115 3
1086 3077 1252 3125 αυτης
1286 3068 1354 3118 >
1385 3059 1621 3113 AEamtz
1653 3061 1660 3128 Ι
1690 3059 1727 3113 4
1755 3076 2087 3132 χειρευσεως
2120 3060 2166 3112 Ε
2197 3061 2204 3129 Ι
2247 3059 2286 3114 4
2320 3079 2487 3127 αυτης
2524 3081 2607 3132 αφ
2645 3077 2770 3112 εαυ-

558 3165 652 3213 της
673 3145 747 3210 A,
784 3166 868 3218 αφ
906 3163 1101 3212 εαυτης
1132 3147 1329 3199 omisso
1366 3165 1526 3212 αυτης
1546 3145 1592 3199 Ε
1623 3149 1632 3214 Ι
1663 3147 1699 3200 4
1733 3149 2058 3200 απεστειλεν
2079 3147 2288 3201 ΑΒΕΐῑΙ
2317 3149 2326 3217 Ι
2356 3147 2391 3201 5
2426 3147 2548 3216 τον]
2573 3155 2673 3213 την
2701 3163 2729 3198 z
2757 3145 2766 3216 Ι

558 3235 594 3290 5
630 3250 861 3306 αιριφον
897 3230 945 3285 Α
990 3235 999 3299 Ι
1041 3232 1077 3286 5
1113 3232 1192 3301 εξ]
1234 3251 1293 3286 εκ
1326 3251 1436 3286 των
1469 3233 1519 3286 D
1548 3233 1687 3304 [GB]‚
1721 3252 1830 3287 των
1864 3252 1892 3286 z
1935 3235 1945 3302 Ι
1996 3233 2028 3288 5
2063 3252 2368 3306 ποιμαινος
2401 3232 2502 3286 Am
2553 3235 2562 3302 Ι
2610 3233 2642 3286 5
2672 3251 2770 3284 του

558 3319 789 3374 alterum
822 3329 890 3379 >
926 3334 961 3372 a
1005 3321 1014 3388 Ι
1060 3321 1093 3374 6
1130 3320 1531 3392 οδολλαμειτου
1566 3319 1615 3374 Α
1653 3320 1909 3390 [D=b],
1960 3321 2350 3394 οδολλαμητου
2386 3320 2461 3384 Ε,
2500 3319 2771 3391 οδολομι-

558 3426 655 3460 του
691 3423 749 3472 a,
789 3407 1133 3478 οδολαμιτου
1170 3407 1253 3460 miz
1294 3410 1303 3474 Ι
1348 3407 1381 3460 6
1417 3414 1791 3477 κωμησασθαι
1827 3407 1872 3460 Ε
1915 3409 1924 3476 Ι
1967 3408 2000 3460 6
2037 3425 2135 3460 τον
2171 3413 2458 3480 αρραβωνα
2489 3424 2646 3478 παρα
2679 3423 2772 3471 της

558 3513 820 3564 γυναικος
854 3492 1085 3548 ADEem
1126 3492 1251 3562 [nisi
1290 3494 1431 3562 quod
1466 3500 1730 3568 αραβωνα
1766 3510 1822 3548 111
1839 3495 1877 3564 1]
1912 3495 1967 3546 tz
1997 3493 2006 3562 Ι
2057 3494 2089 3547 7
2125 3507 2474 3566 επηρωτησεν
2508 3490 2681 3546 ADEt
2698 3496 2717 3526 ¹
2757 3491 2765 3562 Ι

560 3581 592 3634 7
629 3582 707 3650 εκ]
746 3597 841 3633 επι
880 3579 929 3632 A
982 3581 991 3650 Ι
1046 3579 1079 3634 8
1114 3582 1241 3634 ante
1274 3599 1385 3634 που
1426 3583 1491 3650 -Ι-
1527 3601 1623 3634 και
1660 3599 1816 3635 ειπεν
1851 3599 2038 3638 αυτοις
2070 3580 2120 3632 D
2151 3580 2262 3648 [am
2312 3581 2556 3648 superest
2590 3597 2684 3631 και
2719 3596 2770 3631 ει

557 3669 627 3739 ις]
648 3684 683 3722 a
710 3669 720 3736 Ι
752 3668 786 3722 8
804 3688 835 3734 η
858 3669 1056 3742 πορνη]
1084 3667 1329 3738 „Aquila
1350 3688 1383 3735 η
1409 3669 1890 3738 ενδιηλλαγμενη“
1909 3665 1944 3721 b
1977 3668 1986 3732 Ι
2017 3669 2052 3723 8
2070 3685 2199 3720 εναν
2222 3682 2251 3720 ο
2281 3668 2291 3733 Ι
2322 3667 2356 3721 9
2381 3683 2541 3719 ειπον
2559 3666 2659 3737 1119
2675 3665 2766 3734 ην]

556 3757 729 3822 ηλθεν
765 3771 795 3808 z
824 3757 833 3821 1
864 3755 899 3808 9
938 3771 1255 3828 επεστραφη
1294 3756 1344 3809 D
1375 3754 1483 3825 [un]
1519 3756 1529 3823 Ι
1562 3756 1630 3810 10
1667 3755 1985 3830 ανθρωποι]
2025 3754 2220 3833 ανδρες
2251 3755 2362 3807 mtz
2392 3752 2402 3824 Ι
2435 3753 2503 3808 10
2537 3773 2592 3806 οι
2631 3745 2767 3806 alte-

556 3857 676 3895 rum
712 3850 780 3900 >
816 3843 844 3894 13
882 3841 1107 3910 [11011111]
1166 3843 1176 3908 Ι
1226 3841 1293 3898 10
1330 3860 1391 3895 εκ
1427 3850 1495 3900 >
1522 3857 1557 3895 a
1610 3839 1620 3910 Ι
1681 3840 1743 3894 11
1780 3859 1879 3894 του
1916 3848 1984 3899 >
2021 3855 2050 3892 ο
2103 3840 2114 3906 Ι
2169 3841 2233 3895 11
2274 3843 2534 3909 λεγουσιν
2567 3839 2714 3894 AEtz
2755 3839 2764 3908 Ι

558 3931 624 3985 11
662 3927 905 3999 „Aquila
939 3947 1040 3981 ουκ
1074 3946 1143 3994 ην
1177 3945 1237 3981 εν
1268 3946 1441 3997 τουτῳ
1478 3928 1902 4000 διηλλαγμενη“
1941 3926 1977 3980 b
2015 3930 2025 3994 Ι
2069 3929 2134 3981 11
2174 3926 2302 3997 ωδε]
2346 3933 2586 3980 ενταυθα
2621 3926 2713 3981 ΑΕ
2757 3928 2764 3996 Ι

559 4019 624 4072 11
664 4033 820 4070 ειπεν
852 4013 973 4068 AEt
1001 4020 1010 4077 1
1042 4013 1110 4067 12
1148 4031 1221 4083 με
1240 4011 1405 4068 'uocis
1435 4016 1941 4086 καταγελασθωμεν
1975 4029 2138 4066 manu
2172 4013 2348 4080 prima
2384 4013 2442 4066 in
2475 4029 2664 4068 rasura
2686 4013 2735 4067 A
2753 4055 2766 4067 .

556 4101 805 4172 „Aquila
839 4104 897 4154 et
946 4099 1295 4170 Symmachus
1330 4107 1630 4172 γενωμεθα
1647 4096 1652 4100 ’
1669 4118 1748 4160 εις
1796 4100 2208 4162 εξουδενωσιν“
2244 4098 2280 4153 b
2334 4101 2342 4167 Ι
2401 4100 2466 4152 12
2502 4102 2628 4169 post
2660 4119 2767 4172 μεν

557 4190 623 4257 -Ι-
665 4206 773 4265 γαρ
809 4189 885 4242 Ez
938 4188 947 4256 Ι
1004 4189 1070 4243 13
1106 4205 1335 4264 αιριφον
1367 4186 1415 4241 Α
1459 4188 1470 4255 Ι
1526 4188 1593 4242 13
1637 4205 1857 4260 ευρικας
1889 4186 1990 4251 Et,
2031 4204 2183 4260 ευρες
2219 4203 2248 4238 z
2279 4187 2289 4254 Ι
2333 4187 2402 4241 13
2437 4187 2500 4240 δε
2535 4185 2765 4242 alterum

555 4283 625 4334 >
663 4291 717 4339 c,
752 4294 864 4348 γαρ
902 4291 930 4326 z
996 4275 1005 4339 Ι
1072 4274 1140 4328 14
1178 4276 1463 4344 απηγγελη
1499 4273 1660 4338 Aoni,
1697 4277 2014 4343 απηγγελλη
2051 4273 2107 4337 t,
2146 4275 2369 4343 λεγουσι
2405 4291 2433 4326 z
2491 4275 2500 4344 Ι
2566 4275 2634 4328 14
2664 4294 2764 4328 του

556 4361 722 4413 conda
758 4361 803 4414 E
857 4360 868 4427 Ι
921 4360 991 4413 14
1026 4379 1101 4430 τῳ
1137 4369 1205 4419 >
1241 4360 1291 4413 D
1314 4361 1429 4428 [GR]
1484 4363 1494 4427 Ι
1538 4361 1608 4415 14
1641 4363 1892 4430 λεγοντες
1925 4370 1993 4420 >
2030 4377 2061 4414 z
2101 4361 2112 4428 Ι
2145 4359 2231 4416 ,14
2261 4362 2388 4430 post
2413 4363 2660 4430 λεγοντες
2697 4365 2760 4427 -Ι-

558 4464 643 4499 οτι
677 4461 712 4500 a
740 4447 751 4514 Ι
783 4446 850 4501 14
884 4463 1319 4518 εκπεπορνευκεν
1352 4445 1508 4502 ΑΕίῐῑ
1537 4449 1547 4516 Ι
1578 4447 1648 4502 15
1683 4465 1748 4517 εγ
1783 4461 1980 4522 γαστρι
2017 4445 2066 4500 A
2095 4449 2106 4516 Ι
2139 4449 2206 4504 15
2241 4467 2474 4522 πορνιας
2506 4445 2550 4500 Ε
