3169 4941
1490 421 1915 486 ...12-

1343 705 1506 783 apud
1549 705 1927 766 Holmesium
1970 705 2079 766 VI.

607 801 1094 875 uindobonensis,
1139 809 1346 881 partes
1394 800 1653 863 Genesis
1708 803 2037 864 continens.
2127 821 2203 864 ex
2240 802 2442 863 Alteri
2484 800 2832 881 apographo

600 903 796 964 editus
856 901 918 962 in
979 899 1130 961 libro
1183 899 1520 975 rarissim0,
1579 921 1757 981 quem
1816 921 1892 963 ex
1934 900 2286 962 Eichhornii
2333 899 2667 961 bibliothek
2726 900 2833 960 der

597 999 938 1063 biblischen
1001 997 1315 1058 litteratur
1357 998 1482 1059 VII
1525 998 1650 1062 908
1698 998 2001 1079 cognitum
2058 998 2272 1072 habeo,
2328 999 2461 1078 ipse
2507 1017 2831 1078 numquam

598 1099 756 1161 uidi:
805 1097 999 1160 Shute
1039 1095 1404 1176 Barrington
1447 1096 1731 1177 episcopo
1781 1097 2155 1158 dunelmensi
2200 1097 2477 1178 epistola,
2519 1097 2835 1177 complexa

605 1195 872 1258 Genesin
936 1214 1012 1256 ex
1069 1193 1272 1255 codice
1342 1204 1996 1276 purpureo—argenteo
2058 1213 2339 1257 caesareo
2401 1195 2834 1257 uindobonensi

601 1312 950 1376 expressam
991 1339 1004 1354 .
1032 1340 1044 1354 .
1072 1340 1120 1354 ..
1169 1293 1337 1354 dedit
1374 1293 1707 1367 RHolmeS,
1761 1291 1983 1355 Oxonii
2026 1301 2087 1352 et
2129 1292 2411 1354 Londinii
2462 1294 2641 1357 1795.
2716 1295 2829 1355 ad-

596 1413 755 1456 nexa
787 1391 976 1454 codici
1015 1399 1157 1452 sunt
1179 1391 1514 1471 fragmenta
1543 1391 1767 1466 Lucae,
1809 1410 1963 1472 quae
1984 1391 2361 1454 Wetstenius
2386 1392 2447 1454 N
2482 1392 2832 1453 nominauit.

1676 1490 1745 1550 M

1369 1587 1530 1666 apud
1579 1586 1936 1648 oxonienses
1979 1589 2061 1650 X.

597 1687 997 1752 coislinianus,
1050 1683 1552 1745 Montefalconius
1598 1684 1661 1744 in
1702 1685 2070 1748 bibliotheca
2110 1685 2500 1762 coisliniana,
2531 1685 2745 1748 Stroth
2776 1688 2828 1745 V

601 1785 741 1861 113,
803 1781 1142 1848 Griesbach
1194 1781 1256 1842 in
1320 1783 1530 1843 eodem
1591 1782 1941 1845 Eichhornii
1999 1785 2330 1864 repertorio
2377 1785 2408 1845 I
2452 1783 2534 1847 83
2577 1785 2641 1846 Π
2689 1783 2828 1846 194.

597 1883 960 1964 hexaplaris.
1033 1878 1420 1944 octateuchus
1457 1888 1518 1939 et
1550 1879 1688 1941 libri
1727 1899 1931 1962 regum
1974 1902 2162 1964 usque
2202 1887 2279 1946 ad
2321 1907 2351 1962 γ
2384 1884 2443 1956 8,
2466 1883 2566 1946 40.
2615 1885 2833 1945 desunt

1230 1973 1454 2029 Genesis
1493 1975 1577 2040 34,
1618 1976 1653 2028 2
1688 2005 1752 2015 -
1787 1977 1870 2042 38,
1907 1977 1975 2032 24

1221 2056 1572 2111 Numerorum
1608 2059 1693 2126 29,
1734 2059 1803 2112 22
1848 2088 1913 2098 —-
1950 2060 2033 2126 31,
2072 2063 2107 2115 5

1228 2138 1382 2192 Iosue
1425 2140 1506 2205 10,
1542 2141 1574 2194 6
1628 2169 1667 2176 —
1726 2140 1808 2205 22,
1849 2141 1919 2195 34

1229 2224 1352 2289 post
1391 2219 1536 2274 Ruth
1575 2220 1626 2286 4,
1669 2221 1734 2274 19
1783 2237 1952 2292 usque
1998 2222 2067 2276 ad
2119 2223 2279 2277 finem
2325 2223 2484 2277 huius
2520 2222 2645 2277 libri
2680 2222 2832 2276 initia

1437 2304 1648 2356 tantum
1687 2318 1940 2358 uersuum
1980 2310 2196 2359 seruata

1221 2381 1426 2452 Regum
1463 2403 1495 2436 α
1533 2384 1584 2450 4,
1617 2386 1690 2439 ,19
1728 2415 1794 2426 -
1832 2388 1913 2453 10,
1956 2388 2021 2441 19

1505 2467 1584 2533 14,
1622 2467 1690 2524 26
1731 2499 1789 2509 -
1826 2469 1910 2537 25,
1946 2470 2030 2525 33.

1349 2651 1512 2730 apud
1563 2652 1919 2713 oxonienses
1962 2652 2075 2714 XI.

594 2752 890 2815 basiliano
905 2786 937 2796 -
954 2749 1283 2811 uaticanuS.
1369 2747 1639 2810 continet

1237 2841 1461 2897 Leuitici
1506 2843 1587 2909 13,
1627 2844 1695 2897 59
1732 2860 1903 2914 usque
1940 2843 2011 2899 ad
2044 2845 2203 2899 finem

1149 2925 1502 2981 Numerorum
1547 2926 1595 2991 1,
1633 2926 1662 2978 1
1700 2955 1767 2965 -
1796 2926 1880 2991 21,
1921 2927 1990 2983 34

1515 3006 1601 3072 22,
1646 3008 1710 3061 19
1747 3024 1917 3079 usque
1950 3008 2019 3063 ad
2059 3009 2215 3062 finem

1117 3087 1516 3145 Deuteronomii
1557 3092 1604 3156 1,
1649 3092 1675 3143 1
1722 3120 1785 3128 -
1824 3090 1908 3157 28,
1945 3090 2015 3143 40

1523 3172 1610 3237 30,
1650 3173 1716 3227 16
1752 3188 1923 3243 usque
1954 3170 2025 3226 ad
2063 3170 2223 3225 finem

1328 3251 1482 3307 losue
1519 3250 1666 3307 Ruth
1907 3309 1911 3313 ,
1976 3246 1981 3255 ’

1207 3330 1415 3389 Iudices
1450 3336 1671 3404 excepto
1711 3334 1792 3400 14,
1828 3335 1892 3388 17
1936 3364 2003 3373 --
2048 3334 2127 3399 18,
2166 3335 2189 3385 1

1238 3413 1443 3485 Regum
1483 3436 1514 3467 α
1557 3418 1604 3482 1,
1640 3417 1670 3469 1
1712 3447 1769 3454 -
1816 3416 1897 3480 17,
1942 3416 2006 3468 12

1525 3499 1607 3565 17,
1644 3498 1707 3551 31
1751 3512 1922 3567 usque
1962 3494 2227 3550 ad.finem

1471 3580 1500 3649 β
1535 3581 1591 3633 et
1629 3578 1655 3629 δ
1693 3578 1928 3647 integros

1479 3680 1509 3730 γ
1547 3662 1597 3725 1,
1639 3662 1667 3713 1
1708 3691 1769 3699 -
1806 3660 1856 3726 8,
1889 3660 1924 3713 8

1245 3812 1248 3817 ¹
1517 3744 1597 3808 11,
1636 3743 1701 3797 17
1740 3757 1910 3810 usque
1950 3739 2020 3794 ad
2055 3738 2212 3793 finem

1103 3820 1544 3893 Paralipomenon
1579 3822 1647 3892 αβ

1108 3903 1317 3960 Esdrae
1361 3905 1389 3973 β
1429 3906 1479 3970 5,
1521 3904 1589 3957 10
1625 3919 1795 3974 usque
1830 3901 1900 3956 ad
1935 3900 2095 3955 finem

1105 3984 1395 4041 Nehemiae
1432 3988 1479 4052 1,
1524 3988 1554 4039 1
1600 4015 1661 4023 —
1697 3986 1746 4051 7,
1781 3984 1817 4038 3

1108 4067 1320 4123 Esther.

1697 4146 1751 4209 Ο

1311 4250 1474 4331 apud
1521 4244 1913 4309 Parsonsium
1954 4242 2123 4303 VIII.

599 4348 986 4413 dublinensis.
1014 4348 1359 4429 rescriptus.
1433 4346 1497 4406 in
1541 4364 1696 4405 nouo
1743 4348 2104 4404 testamento
2142 4339 2189 4401 Z
2232 4345 2502 4411 uocatur,
2548 4356 2588 4397 a
2626 4334 2830 4397 Lach-

601 4467 820 4513 manno
888 4464 1122 4527 quoque
1195 4464 1271 4506 ex
1335 4442 1595 4504 editione
1656 4439 1916 4501 Barretii
1974 4438 2033 4500 in
2110 4439 2469 4517 adparatum
2535 4443 2828 4513 receptus.
