3169 4941
1522 415 1948 479 -22-..

615 598 920 661 hominum
962 599 1192 680 proprii
1239 599 1480 663 saeculo
1514 600 1822 680 superiore
1858 610 2115 663 exeunte
2148 600 2591 663 oxoniensibus*
2614 619 2850 662 summa

617 717 750 760 cum
795 697 1172 758 humanitate
1213 698 1633 773 offerebantur,
1702 719 1857 761 nunc
1903 707 2105 761 autem
2146 699 2359 773 latent,
2412 698 2673 760 Zeladae
2714 699 2847 759 Do-

618 794 814 857 rothei
858 795 1112 876 Eugenii
1135 797 1449 870 Demetrii,
1495 797 1546 858 si
1590 797 1821 877 excipio
1871 797 2187 878 plerosque
2227 797 2597 876 psalmorum
2639 797 2845 871 libroS‚

620 892 722 972 qui
751 894 1098 955 adtentione
1133 893 1358 974 indigni
1397 894 1544 956 mihi
1577 895 1875 969 uidentur,
1916 897 2312 957 remanebunt
2353 914 2546 975 paene
2586 896 2846 969 ducenti,

615 993 696 1054 ad
736 1010 885 1071 quos
932 992 1320 1055 excutiendos
1366 1012 1440 1054 ea
1484 1013 1618 1054 cum
1660 994 1793 1067 fide,
1837 1013 1957 1074 qua
1994 993 2058 1054 in
2100 994 2213 1055 hoc
2245 993 2505 1055 editione
2538 993 2847 1055 Geneseos

617 1089 924 1151 excussos
949 1090 1087 1152 dedi
1131 1100 1400 1153 acmrtxz
1449 1102 1510 1154 et
1551 1112 1670 1173 qua
1713 1111 1917 1153 carere
1960 1093 2039 1153 ad
2076 1101 2351 1172 argutam
2380 1105 2443 1152 et
2483 1090 2849 1152 laboriosam

615 1187 798 1248 istam
870 1189 1336 1270 archetyporum
1381 1191 1833 1270 exputationem
1884 1190 2047 1252 nullo
2087 1192 2265 1251 modo
2310 1209 2648 1270 possumuS‚
2708 1190 2851 1250 anni

614 1285 950 1350 insumendi
987 1286 1268 1348 uidentur
1303 1288 1528 1362 decem,
1579 1289 1631 1350 si
1663 1309 1796 1351 cum
1827 1288 2057 1351 idoneis
2083 1287 2457 1350 adiutoribus
2502 1307 2628 1348 rem
2655 1307 2847 1369 geras,

617 1393 904 1464 sequetur
949 1385 1349 1446 conlationem
1405 1385 1743 1466 disquisitio
1808 1390 1883 1449 de
1926 1386 2194 1448 codicum
2236 1385 2478 1448 familiis
2528 1394 2591 1447 et
2632 1387 2848 1447 arche-

616 1483 806 1563 typiS,
855 1483 1240 1545 comitabitur
1287 1485 1627 1546 uersionum
1676 1492 1894 1576 &lapte
1948 1483 2355 1566 perlustratio‚
2416 1503 2667 1564 quarum
2708 1503 2849 1545 uer-

617 1580 854 1642 sionum
894 1601 1011 1643 non
1053 1582 1288 1644 codices
1333 1591 1568 1646 tantum
1616 1586 1894 1660 adeundi,
1954 1587 2059 1646 sed
2101 1583 2331 1646 indoles
2381 1582 2627 1662 singulis
2673 1582 2850 1643 uolu-

615 1678 873 1740 minibus
916 1680 1326 1743 describenda.

783 1797 976 1858 neque
1017 1778 1096 1838 ad
1133 1782 1457 1841 secundam
1498 1783 1841 1856 editionem,
1895 1801 2047 1862 quae
2094 1779 2441 1860 hexaplaris
2490 1775 2847 1851 futura‘est‚

615 1886 854 1956 tempus
895 1875 1083 1937 multo
1127 1876 1368 1939 breuius
1416 1881 1836 1942 destinandum
1881 1880 2009 1941 erit.
2080 1898 2219 1939 nam
2267 1876 2543 1939 editionis
2578 1877 2849 1958 syriacae

615 1974 964 2055 hexaplaris
1005 1982 1132 2035 tam
1175 1977 1342 2056 pigre
1390 1979 1664 2058 procedit
1718 1978 1899 2040 editio
1946 1977 2429 2050 mediolanensiS‚
2495 1985 2559 2036 ut
2606 1975 2849 2055 saepius

614 2073 738 2135 iam
789 2073 863 2135 de
905 2072 1122 2133 itinere
1161 2073 1521 2139 londiniensi
1571 2076 2099 2156 describendisque
2146 2075 2313 2136 libris
2358 2073 2609 2156 syriacis
2655 2073 2850 2134 hexa—

617 2171 888 2251 plaribus
929 2170 1336 2252 cogitauerim,
1393 2175 1486 2236 sin
1523 2175 1673 2236 lenti
1708 2175 1883 2235 istius
1928 2173 2149 2254 negotii
2190 2172 2558 2234 ambrosiani
2594 2171 2849 2237 uelimus

617 2269 794 2331 finem
837 2280 1209 2349 exspectare,
1253 2271 1720 2352 quinquennium
1763 2274 2235 2352 exspectandum
2277 2271 2569 2332 uideatur.
2644 2269 2851 2330 Iacobi

620 2369 894 2430 edesseni
937 2368 1121 2430 libros
1169 2378 1369 2432 utrum
1421 2371 1640 2452 aliquis
1686 2379 2074 2450 suscepturus
2122 2368 2203 2429 sit
2247 2369 2308 2430 in
2352 2368 2545 2430 lucem
2604 2375 2850 2446 protra—

617 2467 761 2529 here
824 2468 1059 2531 nescio:
1118 2468 1250 2550 ipse
1319 2480 1480 2533 certe
1535 2469 1850 2551 quominus
1911 2469 1976 2531 id
2026 2469 2285 2529 facerem
2343 2465 2646 2547 inpeditus
2700 2486 2849 2528 sum.

618 2585 811 2647 neque
859 2567 1094 2629 codices
1136 2565 1328 2638 MQV
1377 2569 1576 2631 excuti
1620 2568 1803 2629 horae
1841 2575 2143 2629 momento
2190 2573 2462 2645 possunt,
2502 2573 2571 2627 ut
2614 2572 2852 2625 taceam

619 2663 961 2726 hominibus
1006 2665 1326 2727 haereticis
1373 2665 1433 2735 Q
1473 2668 1707 2728 Romae
1766 2666 1867 2727 uix
1909 2673 2333 2738 monstratum,
2388 2665 2609 2725 nedum
2666 2663 2852 2723 eden-

620 2762 761 2823 dum
813 2762 1024 2824 datum
1073 2762 1163 2824 iri.
1250 2783 1390 2826 nam
1429 2766 1498 2826 M
1538 2764 1697 2826 foliis
1753 2763 1876 2826 226
1922 2771 2179 2836 constat,
2224 2762 2284 2823 V
2331 2763 2415 2842 (si
2466 2762 2651 2822 libros
2698 2780 2853 2840 apo—

619 2858 876 2940 cryphos
927 2859 1229 2936 includas,
1298 2864 1457 2943 quod
1512 2865 1709 2924 facere
1766 2881 1925 2923 nunc
1976 2870 2217 2923 coactus
2278 2860 2441 2941 sum)
2505 2860 2641 2921 164.
2730 2858 2853 2919 iam

619 2956 672 3018 si
717 2952 1094 3035 reputaueris
1133 2980 1165 3021 e
1209 2960 1438 3041 legibus
1475 2961 1877 3024 bibliothecae
1920 2958 2223 3039 parisinae
2267 2978 2377 3038 per
2398 2956 2609 3037 quinas
2634 2956 2854 3017 cotidie

617 3055 798 3117 horas
845 3057 1079 3119 aditum
1123 3060 1202 3119 ad
1251 3059 1486 3122 codices
1526 3067 1737 3139 patere
1782 3068 1843 3120 et
1884 3058 1936 3119 si
1980 3060 2060 3119 ad
2091 3056 2485 3119 describenda
2517 3074 2650 3117 cum
2694 3054 2851 3115 notis

617 3152 1048 3233 hexaplaribus
1121 3158 1376 3238 margini
1453 3157 1906 3221 inhaerentibus
1988 3165 2049 3217 et
2118 3154 2213 3216 bis
2286 3155 2644 3216 conferenda
2716 3171 2853 3214 cum

623 3251 828 3314 codice
868 3252 1104 3333 singula
1146 3255 1291 3317 folia
1331 3256 1638 3336 descripta
1678 3256 1941 3337 singulos
1966 3254 2093 3317 dies
2138 3254 2405 3314 sufficere
2428 3251 2712 3313 sumseris
2756 3249 2855 3331 (at

619 3349 724 3411 uix
770 3350 1160 3433 suffecerint),
1224 3362 1466 3415 coactus
1530 3354 1647 3415 eris
1704 3353 1831 3415 dies
1878 3351 2021 3426 226,
2086 3351 2189 3431 qui
2244 3371 2352 3412 nec
2408 3349 2688 3411 dominici
2743 3367 2854 3409 nec

617 3448 756 3509 festi
800 3448 938 3523 sint,
986 3449 1235 3511 Parisiis
1279 3452 1499 3513 uiuere.
1600 3452 1877 3513 similiter
1920 3450 1982 3511 in
2026 3450 2229 3511 codice
2276 3458 2489 3511 ueneto
2532 3448 2849 3528 agendum,
2882 3459 2885 3463 “

621 3546 726 3626 qui
764 3546 1031 3627 requiret
1067 3548 1196 3610 dies
1244 3548 1382 3612 164.
1466 3549 1637 3611 uides
1682 3549 1951 3612 codicum
1989 3548 2119 3609 MV
2166 3549 2517 3609 adcuratam
2556 3544 2853 3607 conlatio-

623 3663 757 3706 nem
809 3644 1036 3725 (neque
1099 3646 1222 3707 alia
1267 3646 1354 3707 uti
1399 3650 1479 3710 ad
1523 3648 1846 3709 editionem
1886 3655 2158 3708 nostram
2200 3644 2561 3726 poterimus)
2602 3662 2853 3724 poscere

621 3741 938 3804 adsiduum
964 3743 1304 3824 quindecim
1331 3744 1568 3808 circiter
1592 3746 1883 3807 mensium
1911 3746 2196 3807 laborem.
2263 3746 2421 3824 quod
2455 3743 2571 3803 iter
2593 3749 2853 3821 quantos

621 3850 896 3921 sumptus
952 3841 1237 3921 requirat,
1297 3842 1534 3905 etiamsi
1599 3864 1865 3925 paupere
1918 3843 2081 3907 cultu
2140 3842 2204 3902 in
2258 3838 2504 3902 summis
2557 3840 2683 3901 fere
2738 3841 2853 3901 do—

619 3959 850 4003 morum
916 3940 1092 4001 tectis
1157 3940 1394 4002 habites
1453 3950 1513 4002 et
1573 3941 1636 4003 in
1690 3941 2033 4003 institorum
2092 3948 2153 4000 et
2211 3938 2549 4017 aurigarum
2613 3936 2853 4017 popinis

621 4058 855 4112 coeneS,
899 4037 963 4100 id
1004 4038 1215 4100 melius
1260 4038 1332 4100 iis
1377 4038 1651 4100 omnibus
1696 4040 1837 4113 scio,
1884 4039 1987 4119 qui
2026 4036 2262 4100 desides
2305 4036 2465 4097 domi
2500 4036 2658 4097 inter
2696 4035 2855 4097 mol-

621 4136 789 4199 litiae
833 4156 980 4197 suae
1025 4136 1258 4198 somnia
1315 4138 1516 4218 magni
1559 4136 1675 4199 sibi
1734 4138 2034 4209 uidentur,
2090 4134 2143 4195 si
2188 4132 2497 4195 hominem
2552 4134 2854 4214 inpigrum

624 4235 834 4316 quouis
874 4236 1050 4296 modo
1095 4235 1191 4296 uel
1230 4235 1532 4297 retineant
1571 4256 1611 4297 a
1653 4234 1872 4297 debitis
1912 4233 2234 4295 honoribus
2262 4233 2361 4294 uel
2400 4232 2852 4294 calumnientur.

624 4351 816 4412 neque
863 4350 1006 4393 uero
1053 4333 1208 4395 hanc
1255 4335 1579 4395 secundam
1623 4332 1913 4394 uersionis
1958 4350 2207 4412 graecae
2251 4332 2573 4394 editionem
2604 4330 2855 4410 adgredi

623 4448 941 4512 possumus
991 4442 1152 4505 ante,
1209 4452 1388 4512 quam
1435 4432 1693 4511 primam
1752 4430 1921 4491 illam
1982 4430 2434 4493 absoluerimuS.
2514 4432 2857 4510 fragmenta
