3169 4941
1330 418 1557 475 Genesis
1598 420 1686 474 24.
2554 423 2623 478 89

329 606 354 651 1
395 576 560 673 ἦλθε
600 580 773 669 πρὸς
806 579 924 649 τὸν
985 576 1345 668 ἄνθρωπον
1359 634 1376 664 ,
1441 575 1789 670 ἑστηκότος
1832 572 2026 650 αὗτοῢ
2086 581 2207 650 ἐπὶ
2251 586 2381 649 τῶν
2420 582 2622 673 καμή-

392 688 520 753 λων
566 684 686 752 ἐπὶ
726 690 841 774 τῆς
883 689 1122 775 πηγῆς,
1187 684 1376 752 macac)
1419 677 1607 752 εἶπεν
1644 682 1817 774 αὐτῷ
1847 689 2060 773 Δεῦρο
2104 683 2393 772 εἴσελθε,
2441 680 2622 755 εὗλο-

391 788 586 878 γητός
644 786 866 876 κυρίου
879 808 892 823 ·
972 790 1078 855 ἵνα
1129 786 1197 856 τί
1259 786 1533 878 ἕστηκας
1592 786 1716 871 ἔξω
1727 820 1748 873 ,·
1819 787 1943 876 ἐγὼ
1994 789 2068 857 δὲ
2126 787 2451 880 ἡτοίμασα
2506 793 2623 881 τὴν

393 890 604 960 οὶκίαν
648 892 762 960 καὶ
799 891 1013 961 τόπον
1050 896 1200 973 ταῖς
1253 888 1581 983 καμήλοις.
1676 890 2023 983 3θεῖσῆλθιν
2068 893 2141 962 δὲ
2182 890 2218 963 ὃ
2264 891 2624 980 ἅνθρωπος

325 1020 356 1067 5
393 993 489 1076 εἷς
561 998 679 1085 τὴν
749 994 994 1081 οἰκίαν,
1073 996 1185 1064 καὶ
1247 989 1542 1079 α’πέσαξε
1602 999 1723 1077 τὰς
1782 997 2134 1088 καμήλους·
2209 999 2322 1066 καὶ
2383 996 2620 1068 ἔδωκεν

391 1097 589 1190 ἄχυρα
647 1101 760 1168 καὶ
817 1096 1233 1189 χορτάσματα
1296 1092 1443 1181 ταῖς
1486 1097 1804 1193 καμήλοις
1820 1157 1835 1185 ,
1910 1101 2023 1169 καὶ
2064 1100 2232 1192 ὕδωρ
2278 1101 2621 1192 νίψασθαι

391 1210 531 1286 τοῖς
571 1205 772 1273 ποσὶν
815 1201 1010 1273 αὐτοῦ
1057 1205 1171 1273 καὶ
1207 1210 1352 1295 τοῖς
1388 1206 1557 1274 ποσὶ
1598 1211 1728 1273 τῶν
1773 1198 2021 1297 ἀνδρῶν
2061 1212 2193 1273 τῶν
2231 1210 2368 1293 μετ’
2404 1200 2616 1294 αὐτοῦ,

399 1312 457 1352 ³³
484 1310 598 1378 καὶ
653 1310 1032 1399 παρέθηκεν
1090 1301 1313 1390 αὖτοῖς
1371 1307 1601 1400 ἄρτους
1660 1316 1911 1401 φαγεῖν.
1980 1310 2094 1378 καὶ
2151 1304 2338 1379 εἶπεν
2380 1309 2473 1380 Οὔ
2527 1313 2618 1403 μὴ

394 1413 580 1503 φάγω
626 1412 750 1493 ἕως
791 1418 908 1481 τοῦ
947 1411 1225 1504 λαλῆσαί
1263 1440 1345 1499 με
1385 1415 1469 1481 τὰ
1515 1411 1767 1505 ῥήματά
1799 1441 1936 1500 μου.
1999 1416 2113 1483 καὶ
2152 1408 2339 1482 εἶπεν
2383 1416 2616 1505 Λάλη-

292 1534 356 1581 10
393 1538 527 1585 σον.
624 1518 811 1585 Μκαὶ
852 1511 1004 1585 εἶπε
1045 1522 1222 1597 Παῖς
1246 1510 1549 1608 Ἀβραὰμ
1596 1517 1721 1604 ἐγώ
1763 1516 1919 1604 εἶμι.
1984 1522 2045 1561 ³5
2064 1517 2278 1609 κύριος
2318 1519 2392 1587 δὲ
2433 1514 2617 1611 ηὐλό-

389 1644 542 1711 γησε
587 1621 701 1692 τὸν
744 1621 960 1712 κύριόν
999 1646 1125 1707 μου
1171 1619 1455 1711 σφόδρα,
1517 1622 1631 1689 καὶ
1673 1618 1923 1713 ὑψώθη
1940 1644 1955 1661 ·
2017 1624 2131 1691 καὶ
2175 1621 2409 1691 ἔδωκεν
2448 1618 2622 1713 αὐτῷ

389 1720 695 1815 πρόβατα
713 1727 849 1817 Οκαὶ
890 1726 1174 1813 μόσχους
1216 1726 1330 1794 καὶ
1373 1718 1669 1816 ἀργύριον
1708 1727 1821 1794 καὶ
1858 1724 2153 1814 χρυσίον,
2213 1730 2460 1809 παῖδας
2505 1728 2619 1797 καὶ

390 1826 778 1913 παιδίσκας,
841 1830 1164 1920 καμήλους
1202 1830 1314 1897 καὶ
1351 1825 1557 1910 ὄνους.
1654 1829 1840 1898 ”aab
1885 1828 2065 1899 ἔτεκε
2108 1830 2325 1921 Σάρρα
2380 1828 2419 1922 ἦ
2461 1820 2615 1923 γυνὴ

389 1938 504 2001 τοῦ
556 1931 775 2023 κυρίου
842 1958 968 2018 μου
1026 1930 1169 2001 υἶόν
1232 1932 1346 2001 ἕνα
1406 1939 1506 2023 τῷ
1570 1932 1770 2023 κυρίῳ
1824 1960 1951 2019 μου
2008 1936 2170 2019 μετὰ
2222 1936 2297 2004 τὸ
2342 1942 2619 2025 γηρᾶσαι

289 2058 354 2106 15
392 2030 612 2108 αὐτόν·
688 2037 801 2106 καὶ
853 2035 1092 2106 ἔδωκεν
1151 2031 1328 2127 αὐτῷ
1367 2036 1490 2108 ὅσα
1533 2032 1612 2129 ἦν
1661 2032 1853 2129 αὐτῷ.
1950 2039 2139 2108 Mna&
2183 2038 2423 2129 ὥρκισέ
2457 2067 2539 2127 με
2580 2037 2617 2111 ὃ

393 2137 607 2231 κύριός
657 2168 783 2228 μου
838 2143 1040 2229 λέγων
1089 2139 1182 2209 Οὐ
1225 2139 1421 2234 λήψῃ
1477 2148 1747 2230 γυναῖκα
1804 2149 1898 2233 τῷ
1953 2140 2073 2231 υἱῷ
2130 2169 2255 2229 μου
2299 2137 2437 2214 <ind
2486 2149 2615 2213 τῶν

392 2246 768 2334 θυγατέρων
816 2252 943 2314 τῶν
986 2245 1395 2332 Χαναναίων,
1473 2246 1543 2314 ἒν
1596 2239 1697 2327 οἷς
1754 2247 1878 2335 ἐγώ
1939 2252 2241 2337 παροικῶ
2304 2248 2373 2317 ἐν
2413 2254 2498 2338 τῇ
2539 2254 2617 2339 γῇ

393 2344 630 2419 αὐτῶν·
711 2355 771 2395 ⁸⁸
796 2343 931 2420 ἀλλ’
992 2348 1089 2431 εἶς
1145 2351 1261 2420 τὸν
1308 2344 1487 2420 οἶκον
1529 2356 1648 2420 τοῦ
1690 2347 1944 2440 πατρός
1992 2376 2119 2437 μου
2178 2348 2467 2443 πορεύσῃ
2503 2353 2617 2421 καὶ

397 2453 494 2537 εἷς
534 2457 651 2547 τὴν
697 2451 900 2546 φυλήν
954 2481 1106 2542 μου,
1186 2456 1300 2526 καὶ
1337 2452 1517 2549 λήψῃ
1563 2461 1828 2546 γυναῖκα
1878 2461 1974 2546 τῷ
2013 2452 2132 2546 υἱῷ
2172 2483 2298 2543 μου
2341 2457 2614 2528 ἐκεῖθεν.

391 2797 637 2868 αδελφης
673 2816 840 2849 αυτου
880 2803 1133 2868 ρεβεκκας
1165 2797 1219 2859 t,
1256 2814 1418 2861 αυτης
1451 2811 1637 2850 eorum
1672 2795 1789 2849 1000
1826 2813 1853 2848 z
1886 2797 1893 2865 Ι
1926 2795 1992 2851 17
2028 2797 2196 2855 ουτως
2217 2795 2383 2862 Amt!
2421 2797 2485 2851 17
2520 2799 2611 2851 λε-

389 2885 620 2950 λαληκεν
654 2882 702 2937 A
744 2881 750 2952 Ι
795 2883 979 2948 17189,
1004 2883 1040 2937 5
1075 2898 1210 2951 quae
1240 2883 1383 2936 inter
1417 2902 1512 2935 και
1549 2884 1613 2938 17
1650 2884 1707 2935 et
1741 2902 1834 2935 και
1860 2882 2012 2950 prius
2047 2882 2145 2946 89,
2189 2883 2221 2936 5
2252 2883 2456 2948 media,
2492 2894 2562 2944 >
2586 2902 2614 2936 z

491 2984 498 2990 ·
529 2971 559 3023 1
584 2972 756 3036 ηλθεν
778 2968 853 3023 At
869 2974 888 3005 ¹
921 2969 928 3037 Ι
959 2969 992 3022 2
1018 2971 1144 3023 ante
1182 2988 1274 3036 της
1293 2971 1358 3036 -Ι-
1377 2987 1470 3035 της
1504 2989 1605 3039 γης
1627 2985 1683 3022 m
1708 2970 1832 3038 [sic,
1854 2986 1962 3024 non
1985 2970 2034 3039 t]
2068 2969 2077 3037 Ι
2108 2969 2143 3022 2
2176 2969 2302 3039 posit
2342 2987 2523 3040 πηγης
2546 2971 2612 3038 -Ι-

387 3075 484 3108 του
521 3057 722 3114 υδατος
755 3073 811 3110 m
842 3055 851 3126 Ι
892 3055 927 3109 2
966 3056 1146 3127 δευρω
1182 3058 1210 3109 t
1239 3059 1247 3122 Ι
1279 3057 1314 3110 3
1349 3057 1476 3110 ante
1513 3074 1607 3109 ινα
1645 3059 1710 3124 -Ι-
1750 3076 1845 3109 και
1882 3073 1911 3110 0
1956 3058 1963 3126 Ι
2008 3057 2099 3125 213
2134 3057 2261 3121 „ita
2294 3055 2385 3110 LL
2421 3057 2523 3112 UU
2560 3059 2617 3111 et

386 3141 559 3197 latina
590 3141 783 3197 editiO.
823 3139 920 3195 AA
944 3141 1033 3196 LL
1074 3145 1372 3211 ευλογητος
1409 3147 1646 3215 κυριος“
1685 3143 1719 3196 b
1742 3151 1811 3184 ¹¹²⁸
1840 3142 1849 3212 Ι
1882 3143 1916 3196 3
1952 3162 2138 3218 κυριος
2173 3142 2272 3197 AD
2296 3143 2412 3214 [GR]
2450 3145 2565 3218 ami:
2602 3142 2611 3214 Ι

387 3229 422 3281 3
457 3247 733 3299 ητοιμακα
768 3228 818 3281 D
852 3229 966 3299 [GR]
992 3231 1075 3282 mt
1105 3231 1114 3294 Ι
1144 3227 1182 3282 4
1218 3231 1342 3297 post
1379 3248 1474 3282 και
1512 3231 1577 3296 -Ι-
1615 3247 1713 3282 τον
1748 3245 1781 3282 a
1811 3229 1821 3300 Ι
1850 3229 1887 3284 4
1924 3231 2183 3296 εισηλθεν
2218 3229 2331 3284 Afi¹
2362 3230 2369 3300 Ι
2412 3231 2447 3287 5
2483 3248 2613 3284 επε-

388 3317 554 3374 σαξεν
589 3315 638 3368 A
668 3315 676 3383 Ι
709 3315 742 3369 6
778 3321 1061 3384 νιψασθαι
1087 3323 1154 3372 >
1178 3315 1319 3370 Aacz
1351 3314 1358 3382 Ι
1393 3318 1424 3369 '7
1460 3317 1587 3384 post
1622 3334 1716 3368 και
1740 3316 1981 3390 -Ι-,υδωρ
2018 3333 2046 3368 z
2078 3315 2087 3385 Ι
2119 3315 2151 3368 7
2188 3333 2365 3371 ποσιν
2391 3335 2500 3370 των
2524 3315 2573 3369 A
2600 3316 2609 3388 Ι

387 3399 422 3452 8
457 3419 654 3460 αυτους
686 3402 713 3454 t
744 3402 751 3470 Ι
783 3401 817 3454 8
853 3419 1024 3477 αρτον
1059 3418 1086 3453 z
1119 3403 1128 3467 Ι
1159 3401 1192 3455 8
1229 3404 1354 3471 post
1389 3418 1548 3455 ειπεν
1587 3403 1651 3470 -Ι-
1694 3422 1724 3455 ο
1764 3408 2059 3475 ανθρωπος
2092 3418 2123 3456 z
2154 3401 2161 3471 Ι
2194 3402 2227 3455 9
2264 3421 2338 3472 με
2373 3411 2441 3462 >
2479 3406 2562 3457 mt
2600 3401 2609 3473 Ι

388 3486 421 3539 9
457 3503 626 3539 ειπαν
661 3487 850 3550 Aamt,
887 3504 1054 3541 ειπον
1076 3504 1123 3552 z,
1162 3505 1285 3541 ειπε
1309 3504 1339 3541 ο
1368 3490 1378 3554 Ι
1411 3490 1478 3543 10
1515 3505 1673 3541 ειπεν
1694 3487 1862 3542 Amt1
1893 3489 1902 3556 Ι
1932 3487 2003 3541 10
2040 3505 2174 3546 παις
2209 3505 2329 3560 ειμι
2371 3505 2479 3558 εγω
2513 3508 2610 3541 του

389 3578 610 3645 αβρααμ
645 3589 676 3627 z
707 3573 714 3642 Ι
750 3574 826 3636 10,
851 3592 969 3644 ειμι
1007 3592 1116 3643 εγω
1155 3589 1183 3627 0
1213 3575 1222 3643 Ι
1255 3576 1324 3630 10
1363 3575 1424 3627 δε
1458 3584 1527 3633 >
1559 3574 1611 3628 D
1643 3575 1790 3644 [63],
1827 3574 1955 3643 Ροείῐ
1985 3574 2049 3628 δε
2076 3576 2141 3641 -Ι-
2170 3577 2467 3644 ευλογητος
2504 3592 2558 3629 111
2600 3574 2609 3647 Ι

388 3658 542 3725 10111
580 3661 876 3730 ευλογησεν
906 3657 983 3713 At
1002 3665 1048 3724 1,
1099 3660 1374 3713 ευοδωσεν
1409 3659 1458 3712 D
1498 3659 1613 3730 [en]
1633 3701 1646 3725 ,
1698 3663 1963 3730 ευλογησε
1999 3660 2188 3715 cmt²z
2219 3661 2227 3730 Ι
2279 3660 2342 3714 11
2383 3662 2609 3732 εδωκεν]

389 3759 603 3812 εγενετο
641 3763 668 3797 z
723 3746 730 3814 Ι
788 3747 856 3801 12
892 3745 1106 3816 μόσχοι
1138 3762 1194 3812 z,
1229 3751 1364 3813 βοας
1398 3747 1481 3799 mt
1533 3748 1543 3812 Ι
1602 3746 1667 3800 12
1705 3766 1799 3799 και
1833 3746 2124 3801 secundum
2161 3754 2230 3806 >
2267 3764 2297 3801 z
2352 3748 2359 3816 Ι
2414 3748 2483 3801 12
2517 3767 2611 3801 και

378 3845 616 3901 χρυσιον
657 3850 752 3884 και
789 3849 1054 3907 αργυριον
1087 3832 1167 3896 D,
1196 3845 1435 3906 χρυσιον
1469 3851 1564 3885 και
1604 3851 1869 3908 αργυριον
1907 3836 2017 3887 emt
2071 3834 2078 3902 Ι
2136 3834 2203 3889 12
2237 3835 2365 3888 anto
2403 3833 2613 3892 παιδας
2676 3841 2683 3847 ’

387 3915 452 3981 -Ι-
477 3933 570 3969 και
602 3916 716 3970 Dc.
757 3919 959 3976 παιδες
995 3933 1024 3971 z
1056 3917 1063 3986 Ι
1098 3918 1164 3972 13
1198 3917 1498 3970 παιδισκαι
1535 3921 1777 3989 καμηλοι
1814 3937 1933 3972 ονοι
1968 3936 1999 3972 z
2029 3927 2038 3988 Ι
2072 3921 2138 3974 13
2176 3937 2357 3973 ετεκεν
2390 3918 2517 3972 ADt
2539 3923 2557 3954 ¹
2600 3919 2607 3989 Ι

388 4000 456 4054 14
491 4003 742 4062 ενα>1>
769 4003 882 4071 [0132
919 4004 1155 4073 spatium
1189 4003 1504 4072 assentitur]
1540 4004 1549 4072 Ι
1586 4003 1652 4057 14
1688 4023 1763 4072 τῳ
1804 4023 1973 4078 κυριῳ
2012 4024 2123 4075 μου
2160 4013 2226 4064 >
2251 4022 2279 4056 z
2310 4007 2320 4071 Ι
2351 4004 2419 4060 15
2444 4024 2611 4072 αυτην

384 4085 436 4139 D
474 4087 588 4157 [GR]
625 4091 735 4153 mt,
773 4108 872 4144 τον
906 4109 1096 4164 κυριον
1128 4109 1242 4162 μου
1267 4106 1294 4140 z
1327 4089 1336 4157 Ι
1369 4088 1435 4142 15
1471 4091 1599 4142 ante
1636 4103 1741 4142 οσα
1760 4088 1826 4156 -Ι-
1854 4106 2040 4143 παντα
2073 4089 2208 4143 Dmt
2238 4090 2245 4159 Ι
2280 4091 2346 4145 15
2382 4109 2613 4165 ωρκισεν

383 4172 506 4236 AD,
545 4191 756 4248 ωρκησε
791 4193 821 4230 z
887 4179 896 4241 Ι
963 4177 1030 4231 16
1067 4179 1259 4246 λημψη
1296 4174 1426 4240 AD,
1467 4179 1632 4243 ληψει
1670 4192 1697 4226 z
1753 4177 1762 4240 Ι
1821 4175 1884 4228 1¹7
1938 4179 2255 4248 θυρατερων
2291 4176 2375 4240 D,
2432 4177 2480 4229 si
2516 4175 2607 4231 Ti-

384 4258 716 4314 schendorfio
766 4261 902 4316 fides
968 4263 976 4332 Ι
1041 4263 1106 4317 17
1154 4279 1214 4316 εν
1267 4262 1374 4332 οις]
1435 4265 1555 4332 μεθ
1604 4279 1681 4314 ων
1727 4263 1810 4314 mt
1863 4262 1872 4326 Ι
1927 4258 1991 4312 17
2028 4278 2168 4312 οικω
2204 4263 2286 4316 mt
2354 4265 2363 4328 Ι
2434 4262 2499 4316 18
2538 4283 2607 4316 av

384 4364 566 4400 αυτων
600 4362 684 4412 111,
747 4366 844 4401 τον
895 4367 1089 4420 κυριον
1135 4368 1248 4420 μου
1283 4365 1311 4400 z
1343 4349 1352 4416 Ι
1387 4349 1454 4403 18
1503 4349 1643 4400 αλλα
1676 4349 1761 4401 mt
1798 4348 1805 4418 Ι
1854 4348 1922 4402 18
1954 4347 2080 4414 post
2114 4349 2216 4400 αλλ
2254 4348 2320 4416 -Ι-
2355 4368 2389 4416 η
2424 4348 2559 4404 ADa
2596 4348 2605 4419 Ι

388 4429 456 4484 19
491 4435 685 4503 λημψη
723 4433 823 4488 AD
865 4436 874 4505 Ι
919 4435 986 4490 19
1021 4436 1148 4490 ante
1186 4440 1404 4489 εκειθεν
1428 4434 1492 4503 -Ι-
1521 4447 1693 4488 ισαακ
1728 4438 1811 4489 mt
1862 4435 1873 4503 Ι
1927 4433 1995 4488 19
2030 4438 2245 4488 εκειθεν
2282 4443 2350 4496 >
2386 4452 2415 4490 o
