3169 4941
1301 448 1528 509 Genesis
1561 454 1650 508 29.
2487 448 2592 513 11:³3

529 619 562 634 Ν

299 626 326 671 1
363 601 484 680 αὖτ
563 668 578 681 .
679 618 736 656 ¹¹
754 612 866 681 καὶ
923 610 1228 703 ἐφίλησεν
1262 610 1500 699 Ἰακὼβ
1556 614 1670 703 τὴν
1706 608 1963 701 Ῥαχήλ,
2045 614 2159 681 καὶ
2208 616 2455 706 βοήσας
2511 624 2591 709 τῇ

360 724 549 806 φωνῇ
591 709 790 785 αὐτοῦ
829 716 1114 786 ἔκλαυσε.
1209 722 1270 760 1²
1283 718 1394 785 καὶ
1437 710 1785 807 ἀπήγγειλε
1836 723 1917 807 τῇ
1957 714 2185 808 Ῥαχὴλ
2238 718 2341 787 ὅτι
2400 715 2591 789 ἆδελ-

358 821 490 911 φὸς
540 826 656 888 τοῦ
700 821 956 910 πατρὸς
997 814 1195 911 αὐτῆς
1237 819 1380 889 ἐστί
1396 874 1412 904 ,
1493 822 1611 887 καὶ
1672 818 1779 888 ὅτι
1836 818 1978 900 υἱὸς
2022 819 2365 907 Ῥεβέκκας
2424 824 2589 894 ἐστί.

360 926 474 993 καὶ
532 927 870 1013 δραμοῦσα
924 918 1273 1014 ἀπήγγειλε
1333 930 1431 1013 τῷ
1485 925 1693 1013 πατρὶ
1753 918 1947 1014 αὐτῆς
1998 927 2164 992 κατὰ
2212 928 2296 993 τὰ
2338 924 2591 1018 ῥήματα

295 1042 326 1087 5
359 1035 587 1097 ταῦτα.
686 1033 745 1072 ¹⁸
762 1030 1014 1116 ἐγένετο
1060 1029 1169 1113 δέ,
1234 1026 1322 1108 ὥς
1382 1026 1616 1119 ἤκουσε
1658 1029 1903 1115 Λάβαν
1943 1031 2021 1097 τὸ
2084 1026 2292 1115 ὄνομα
2350 1029 2595 1119 Ἰακὼβ

361 1139 480 1201 τοῦ
525 1130 672 1200 υἱοῦ
716 1138 830 1222 τῆς
871 1126 1158 1222 ἀδελφῆς
1201 1130 1402 1200 αὐτοῦ
1416 1186 1432 1216 ,
1505 1130 1778 1222 ἔδραμεν
1830 1132 1928 1214 εἶς
1972 1133 2347 1224 συνάντησιν
2392 1129 2593 1226 αὐτῷ,

364 1237 478 1304 καὶ
519 1239 902 1324 περιλαβών
938 1231 1132 1305 αὐτὸν
1179 1234 1451 1327 ἐφίλησε
1465 1292 1481 1320 ,
1546 1236 1663 1305 καὶ
1721 1233 2048 1327 εἰσήγαγεν
2102 1231 2300 1307 αὖτὸν
2342 1237 2438 1319 εἷς
2478 1243 2595 1309 τὸν

366 1334 542 1407 οἷκον
585 1333 780 1407 αὗτοῢ
798 1361 813 1375 ·
877 1340 989 1407 καὶ
1034 1335 1384 1430 διηγήσπο
1436 1346 1534 1429 τῷ
1571 1335 1821 1425 Λάβαν
1876 1337 2133 1420 πάντας
2172 1343 2325 1422 τοὺς
2366 1339 2596 1430 λόγους

364 1440 642 1525 τούτους.
739 1445 919 1512 “ml
964 1438 1149 1512 εἶπεν
1204 1438 1380 1533 αὐτῷ
1421 1440 1667 1530 Λάβαν
1705 1437 1815 1511 Ἐκ
1870 1451 2001 1511 τῶν
2058 1437 2271 1513 ὀστῶν
2312 1472 2437 1532 μου
2482 1448 2596 1516 καὶ

265 1564 330 1609 10
364 1548 438 1617 ἐκ
479 1556 594 1640 τῆς
637 1546 878 1637 σαρκός
934 1574 1062 1633 μου
1118 1542 1180 1615 εἶ
1236 1548 1330 1616 σύ.
1424 1548 1536 1615 καὶ
1578 1543 1659 1637 ἦν
1696 1550 1834 1633 μετ’
1883 1546 2079 1617 αὐτοῦ
2118 1554 2287 1639 μῆνα
2325 1548 2600 1639 ἡμερῶν.

373 1646 598 1720 ιεῦεἷπε
655 1653 728 1721 δὲ
763 1651 1008 1738 Λάβαν
1067 1658 1162 1740 τῷ
1198 1649 1444 1736 Ἰακώβ
1485 1648 1631 1718 Ὅτι
1688 1651 1815 1739 γὰρ
1856 1643 2146 1741 ἀδελφός
2188 1678 2315 1736 μου
2358 1648 2447 1737 εἶ,
2524 1648 2599 1724 οὗ

365 1756 728 1838 δουλεύσεις
784 1783 900 1842 μοι
956 1751 1202 1843 δωρεάν
1223 1779 1238 1794 ·
1306 1748 1704 1841 ἀπάγγειλόν
1750 1780 1867 1839 μοι
1918 1752 2021 1835 τίς
2078 1753 2115 1824 ὃ
2177 1757 2427 1841 μισθός
2482 1781 2600 1827 σου

365 1858 526 1929 ἐστί.
591 1866 650 1904 ¹⁶
670 1866 768 1949 τῷ
813 1859 887 1927 δὲ
928 1856 1176 1945 Λάβαν
1219 1854 1383 1949 ἦσαν
1423 1858 1537 1927 δύο
1580 1857 1965 1947 θυγατέρες·
2005 1854 2212 1944 ὄνομα
2239 1866 2323 1950 τῇ
2350 1860 2599 1947 μείζονι

365 1964 551 2033 Λεία
621 1965 736 2031 καὶ
791 1960 996 2049 ὄνομα
1051 1970 1134 2053 τῇ
1209 1962 1486 2052 νεωτέρα
1538 1959 1783 2052 Ῥαχήλ.
1916 1968 1977 2005 ¹⁷
1990 1960 2056 2029 οἱ
2113 1962 2187 2031 δὲ
2248 1957 2599 2053 ὀφθαλμοὶ

272 2082 332 2127 16
367 2067 584 2149 Λείας
625 2064 964 2150 ἀσθενεῖς,
1016 2065 1244 2157 Ῥαχὴλ
1299 2067 1372 2134 δὲ
1416 2062 1493 2156 ἦν
1539 2066 1701 2155 καλὴ
1744 2072 1845 2155 τῷ
1898 2063 2059 2134 εἴδει
2113 2066 2226 2135 καὶ
2266 2066 2479 2156 ὡραία
2518 2076 2599 2161 τῇ

368 2168 531 2261 ἷίψει
585 2173 862 2262 σφόδρα.
953 2175 1013 2215 ¹⁸
1027 2163 1327 2260 ἠγάπησε
1377 2170 1450 2237 δὲ
1501 2163 1748 2255 Ἰακώβ
1802 2170 1917 2259 τὴν
1953 2168 2207 2260 Ῥαχήλ,
2276 2174 2389 2241 καὶ
2445 2168 2597 2242 εἶπε

371 2271 714 2344 Δουλεῦσω
771 2298 882 2342 σοι
945 2272 1118 2341 ἑπτὰ
1173 2270 1286 2363 ἔτη
1330 2274 1487 2361 περὶ
1529 2279 1645 2363 τῆς
1680 2272 1908 2364 Ῥαχὴλ
1950 2279 2067 2365 τῆς
2106 2277 2435 2364 θυγατρός
2478 2299 2597 2345 σου

369 2385 484 2470 τῆς
535 2382 867 2467 νεωτέρας.
964 2371 1186 2444 19εἷπε
1240 2377 1313 2445 δὲ
1371 2370 1550 2465 αὐτῷ
1596 2372 1843 2462 Λάβαν
1900 2378 2177 2445 Βέλτιον
2233 2378 2458 2448 δοῦναί
2514 2406 2597 2465 με

514 2661 542 2714 1
580 2660 950 2730 κατεφιλησεν
971 2659 1054 2711 mt
1083 2659 1092 2723 Ι
1121 2658 1159 2710 2
1177 2659 1441 2710 εκλαυσεν
1457 2655 1667 2711 AEmt¹
1698 2660 1709 2724 Ι
1738 2657 1775 2711 2
1810 2660 2137 2728 ανηγγειλεν
2158 2657 2283 2723 ΑΕ,
2320 2676 2596 2730 απηγγει-

374 2749 469 2801 λεν
501 2747 585 2800 mt
649 2748 656 2814 Ι
722 2745 757 2798 2
792 2746 918 2798 ante
957 2763 1024 2816 τῃ
1061 2746 1128 2812 -Ι-
1169 2750 1344 2811 ιακωβ
1379 2745 1460 2797 mt
1525 2745 1533 2812 Ι
1600 2745 1635 2798 2
1667 2762 1768 2811 την
1804 2746 1979 2812 ραχηλ
2018 2761 2075 2809 z,
2114 2765 2248 2812 αυτη
2290 2753 2464 2813 ιακωβ
2497 2744 2544 2799 Ε
2584 2745 2594 2816 Ι

372 2832 458 2902 2l3
495 2833 738 2902 αδελφος
773 2851 878 2884 του
915 2848 1131 2900 πατρος
1167 2849 1332 2895 αυτης
1368 2846 1479 2882 εστι
1519 2851 1614 2883 και.
1652 2849 1735 2884 οτι
1768 2841 1836 2890 >
1873 2849 1901 2883 z
1932 2830 1940 2898 Ι
1971 2832 2006 2885 3
2041 2850 2140 2884 του
2180 2841 2475 2902 πατρος>
2500 2832 2546 2885 Ε
2585 2831 2595 2902 Ι

371 2921 407 2974 3
445 2935 600 2972 εστιν
621 2920 852 2986 utroque
875 2917 993 2970 loco
1019 2915 1193 2970 AEmt
1213 2921 1233 2952 ¹
1265 2917 1273 2984 Ι
1303 2917 1338 2970 3
1371 2935 1465 2969 και
1493 2937 1580 2970 οτι
1610 2937 1727 2976 υιος
1761 2924 2019 2985 ρεβεκκας
2047 2932 2165 2970 εστι
2189 2927 2257 2977 >
2282 2934 2317 2971 a
2343 2917 2475 2987 [non
2495 2919 2555 2988 y]
2584 2917 2594 2988 Ι

373 3005 465 3073 3s4
500 3011 754 3078 ρεβεκκας
787 3018 937 3056 εστιν
973 3004 1215 3073 αδελφης
1247 3021 1345 3054 του
1381 3021 1589 3076 πατρος
1622 3022 1785 3070 αυτης
1818 3022 1913 3056 και
1950 3003 2242 3076 δραμουσα
2277 3020 2307 3057 z
2352 3005 2360 3072 Ι
2400 3005 2437 3058 4
2472 3007 2594 3072 και]

374 3111 406 3158 η
444 3091 506 3144 δε
530 3090 616 3158 ΕΙ
644 3088 684 3143 4
705 3091 1038 3158 ανηγγειλεν
1060 3089 1110 3141 D
1140 3088 1250 3157 [en]
1277 3087 1323 3140 Ε
1339 3127 1352 3140 .
1391 3103 1456 3141 ex
1477 3087 1526 3141 A
1552 3088 1792 3142 Baberus
1831 3088 1890 3142 in
1912 3089 2185 3143 uolumine
2202 3087 2233 3141 I
2258 3093 2601 3161 απηγγειλεν

374 3176 552 3230 adfert
565 3215 579 3238 ,
615 3175 674 3228 in
707 3174 979 3228 uolumine
1000 3175 1079 3228 IV
1117 3176 1446 3244 ανηγγειλεν
1460 3214 1474 3237 ,
1519 3174 1671 3228 illius
1711 3176 2048 3244 απηγγειλεν
2072 3174 2343 3230 mentione
2366 3176 2425 3230 in
2445 3177 2600 3231 uolu-

375 3264 518 3317 mine
548 3263 627 3316 IV
660 3277 768 3315 non
802 3261 976 3315 facta.
1025 3261 1192 3330 uulgo
1229 3260 1296 3314 de
1330 3259 1417 3314 his
1454 3263 1640 3315 tacent
1659 3301 1673 3314 .
1726 3263 2070 3331 απηγγειλεν
2104 3263 2168 3314 13¹
2235 3265 2245 3327 Ι
2311 3264 2344 3316 5
2380 3281 2599 3334 εγενετο

378 3351 442 3404 δε
465 3349 748 3411 Eabcmtz,
784 3367 878 3400 και
916 3365 1130 3418 εγενετο
1150 3346 1198 3400 A
1229 3349 1238 3413 Ι
1270 3348 1303 3400 5
1340 3362 1572 3412 ηκουσεν
1608 3345 1701 3400 ΑΕ
1732 3347 1741 3414 Ι
1772 3348 1807 3401 6
1845 3366 1965 3399 mov
2000 3365 2095 3412 της
2128 3363 2293 3401 manu
2329 3349 2505 3417 prima
2543 3350 2602 3403 in

375 3451 562 3490 rasura
585 3434 634 3488 A
665 3436 674 3502 Ι
704 3436 738 3488 6
763 3448 1104 3500 συναντησιν
1129 3452 1296 3486 ‹wrot-
1322 3432 1484 3486 Acmz
1521 3432 1643 3502 [sed
1666 3434 1693 3486 t
1718 3431 1911 3500 αυτωι]
1943 3435 1952 3498 Ι
1984 3433 2017 3484 ’7
2042 3435 2305 3504 εφιλησεν
2330 3453 2498 3487 αυτον
2519 3434 2565 3487 Ε
2586 3434 2596 3504 Ι

378 3521 408 3574 '7
435 3523 694 3592 εφιλησεν
709 3517 880 3582 AEcz,
907 3521 1320 3592 xoersqvclnasvt
1339 3523 1386 3581 ¹,
1414 3521 1746 3588 κατεφιλησε
1761 3519 1846 3571 mt
1862 3521 1885 3553 ⁹
1914 3517 1923 3584 Ι
1955 3517 1987 3569 7
2008 3537 2176 3571 αυτον
2194 3519 2564 3578 alterum>E
2588 3519 2599 3590 Ι

377 3607 412 3660 8
447 3627 523 3676 τῳ
548 3616 616 3666 >
639 3606 796 3660 Emtz
827 3608 835 3675 Ι
876 3606 910 3658 9
945 3604 1191 3673 τουτους]
1231 3623 1404 3656 αυτου
1439 3617 1468 3656 c
1510 3605 1520 3668 Ι
1563 3604 1599 3657 9
1634 3617 1839 3655 οστεων
1872 3601 1949 3655 Ec
1979 3602 1987 3670 Ι
2022 3604 2086 3658 11
2124 3621 2247 3656 ειπε
2284 3604 2346 3657 δε
2368 3603 2599 3671 εὒσωίῑῑ,

381 3709 541 3746 ειπεν
576 3693 642 3746 δε
665 3690 802 3755 AD,
842 3711 936 3744 και
981 3707 1140 3744 ειπεν
1175 3690 1226 3743 D
1267 3688 1383 3758 [GR]
1421 3688 1497 3752 E,
1560 3707 1655 3741 και
1693 3705 1816 3742 ειπε
1854 3705 1882 3740 z
1914 3689 1923 3756 Ι
1954 3691 2020 3744 11
2055 3690 2182 3756 post
2220 3707 2269 3743 ει
2306 3691 2373 3759 -Ι-
2410 3706 2480 3744 συ
2516 3709 2548 3747 z
2590 3695 2598 3762 Ι

379 3777 448 3831 12
481 3778 778 3845 δουλευσης
813 3797 926 3848 μου
959 3793 1016 3830 m
1081 3776 1090 3844 Ι
1159 3776 1226 3831 12
1265 3781 1324 3827 τί
1359 3789 1468 3827 σου
1503 3793 1533 3826 ο
1565 3779 1779 3844 μισθος
1816 3788 1845 3826 c
1913 3774 1921 3841 Ι
1989 3775 2057 3829 12
2089 3793 2143 3827 τι
2179 3792 2207 3827 z
2268 3777 2277 3841 Ι
2346 3778 2411 3833 13
2450 3792 2607 3830 εστιν

379 3863 588 3917 AEmtl
642 3866 652 3932 Ι
709 3864 776 3919 13
812 3864 914 3917 δυο
956 3869 1258 3931 θυγατερες
1291 3874 1434 3927 ησαν
1469 3875 1499 3914 o
1552 3861 1561 3925 Ι
1623 3861 1689 3915 13
1726 3865 2064 3932 θυγατεραις
2100 3877 2155 3913 m
2203 3860 2211 3928 Ι
2261 3862 2331 3916 14
2366 3863 2459 3913 lm
2491 3861 2603 3925 ΑΕ,

381 3952 506 4003 λιαν
541 3968 570 4002 z
601 3953 611 4014 Ι
645 3950 712 4004 14
746 3948 1006 4022 νεωτερα]
1046 3948 1278 4018 δευτερα
1317 3961 1374 3999 cz
1405 3946 1414 4014 Ι
1448 3947 1516 4001 14
1551 3966 1607 3998 οι
1647 3946 1712 3998 δε
1752 3948 2049 4016 οφθαλμοι
2087 3956 2155 4005 >
2192 3963 2222 4000 z
2252 3949 2261 4013 Ι
2293 3947 2361 4001 15
2400 3949 2521 4006 λιας
2542 3947 2605 4010 Ε,

381 4055 414 4101 η
451 4036 512 4088 δε
549 4037 674 4089 λιαν
707 4053 739 4091 z
792 4035 802 4104 Ι
856 4037 926 4091 15
961 4040 1205 4099 ασθενης
1240 4049 1271 4086 z
1324 4033 1332 4100 Ι
1389 4034 1456 4087 15
1492 4051 1561 4098 ην
1598 4041 1666 4090 >
1700 4031 1776 4084 Ec
1841 4033 1850 4096 Ι
1917 4032 1985 4085 15
2027 4051 2107 4084 τω
2159 4033 2299 4084 ειδει
2334 4033 2471 4098 καλη
2506 4031 2552 4085 Ε
2594 4032 2603 4104 Ι

382 4121 452 4177 15
485 4122 598 4175 εδει
633 4121 710 4185 A,
752 4123 872 4188 ειδη
906 4125 972 4174 z¹
1035 4120 1044 4188 Ι
1109 4119 1175 4174 16
1214 4118 1437 4190 σφοδρα
1472 4127 1542 4176 >
1576 4117 1675 4170 AD
1707 4117 1815 4185 [012]
1877 4117 1888 4181 Ι
1957 4118 2025 4172 16
2060 4131 2347 4185 ηγαπησεν
2385 4114 2539 4169 ΑΕ1;ι
2596 4117 2605 4186 Ι

383 4209 452 4262 16
490 4209 554 4261 δε
587 4227 686 4275 την
723 4210 900 4281 ραχηλ,
934 4228 964 4260 ο
1003 4212 1178 4273 ιακωβ
1211 4221 1241 4258 ο
1285 4207 1296 4271 Ι
1341 4204 1406 4258 16
1451 4221 1610 4257 ειπεν
1641 4203 1856 4256 AEmtl
1886 4204 1896 4268 Ι
1936 4204 2005 4257 17
2041 4219 2131 4254 σοι
2168 4211 2236 4260 >
2270 4219 2298 4254 z
2329 4205 2339 4267 Ι
2374 4201 2438 4255 17
2480 4219 2611 4278 περι

381 4293 684 4348 AEabcmtz
703 4333 717 4357 ‚
771 4311 908 4366 υπερ
943 4293 994 4347 D
1023 4291 1138 4362 [en]
1186 4291 1196 4359 Ι
1228 4293 1295 4345 17
1330 4308 1423 4356 της
1455 4289 1609 4359 prius
1646 4298 1714 4347 >
1746 4288 1845 4342 AD
1873 4287 1989 4356 [GR]
2022 4287 2205 4340 Ecmtz
2274 4288 2283 4355 Ι
2349 4288 2419 4344 18
2455 4305 2613 4342 ειπεν

381 4378 540 4432 Alw
571 4381 582 4445 Ι
616 4380 682 4434 18
717 4378 1021 4448 αυτῳ>1>
1051 4378 1168 4448 [en]
1195 4377 1304 4430 emt
1334 4376 1344 4442 Ι
1377 4374 1496 4444 1811
1532 4379 1753 4443 pelam»
1788 4389 1879 4426 σοι
1919 4374 2123 4427 δουναι
2156 4391 2231 4444 με
2267 4391 2437 4441 αυτην
2459 4373 2495 4442 ἢ
2529 4389 2558 4427 c
2598 4374 2607 4446 Ι

382 4464 452 4522 18
484 4482 560 4536 με
594 4466 796 4520 δουναι
834 4463 912 4528 Ε,
951 4465 1154 4518 δουναι
1192 4483 1296 4536 μοι
1332 4478 1367 4517 a
1396 4461 1451 4532 [y
1473 4459 1622 4531 ==b]
1662 4477 1719 4516 m
1746 4460 1794 4531 [t
1816 4458 1964 4530 =b]
2005 4475 2034 4512 z

2134 4554 2173 4620 8
