3169 4941
608 410 677 470 70

607 595 722 640 nos
781 576 1210 642 latrunculum
1263 577 1616 660 posuimuS,
1674 580 1765 645 ibi
1817 580 2123 662 scriptum
2178 582 2277 645 est
2329 582 2563 663 gedud,
2616 584 2692 644 ut
2752 577 2839 644 ad
2880 595 2905 646 1

607 679 748 746 Grad
793 699 1020 745 nomen
1057 680 1398 759 alluderet,
1451 683 1558 764 qui
1604 683 2060 767 significantius
2106 677 2372 762 εὔζωνος
2389 733 2405 761 ,
2464 683 2529 747 id
2576 687 2675 748 est
2728 704 2840 748 ac-

609 783 854 850 cinctus
901 784 1032 850 siue
1093 785 1418 868 expeditus
1465 786 1729 868 exprimi
1786 789 2014 870 potest.
2122 789 2332 853 totum
2398 791 2611 854 autem
2672 787 2841 852 illud

610 892 740 965 est,
791 888 953 971 quod
1001 891 1147 954 ante
1171 889 1392 956 Ruben
1439 892 1504 956 et
1544 891 1871 956 dimidiam
1912 892 2147 956 tribum
2190 893 2485 957 Manasse
2524 893 2606 957 ad
2648 892 2837 969 filios,

611 1010 764 1075 quos
823 995 1000 1058 trans
1057 994 1365 1059 Iordanen
1416 995 1482 1059 in
1537 997 1993 1078 possessionem
2051 996 2403 1076 dimiserat,
2482 999 2627 1079 post
2676 996 2834 1062 XIV
2868 1008 2903 1062 5

610 1114 806 1162 annos
866 1099 1188 1163 reuertens
1252 1099 1563 1181 praelium
1616 1099 1917 1166 aduersus
1976 1119 2081 1167 eos
2136 1102 2422 1184 gentium
2479 1101 2837 1166 uicinarum

609 1201 845 1286 grande
893 1203 1234 1284 reppererit
1279 1205 1344 1268 et
1392 1204 1578 1268 uictis
1634 1205 1920 1270 hostibus
1973 1205 2222 1271 fortiter
2266 1205 2601 1270 dimicarit.
2686 1205 2833 1290 lege

609 1306 842 1371 librum
880 1297 1080 1372 Hiesu
1119 1307 1300 1373 Naue
1363 1309 1428 1372 et
1471 1309 1969 1393 Paralipomena.
2076 1330 2203 1375 non
2256 1310 2480 1394 ignoro
2532 1308 2717 1391 plura
2758 1310 2833 1374 in

609 1410 1148 1476 benedictionibus
1207 1412 1711 1494 patriarcharum
1756 1432 1893 1478 esse
1955 1414 2284 1496 mysteria,
2341 1414 2453 1479 sed
2508 1413 2588 1478 ad
2643 1433 2833 1494 prae-

612 1533 756 1580 sens
802 1515 1170 1599 opusculum
1213 1535 1340 1582 non
1383 1519 1677 1600 pertinet.
2868 1523 2937 1576 10

827 1621 1176 1704 Nepthalim
1245 1624 1587 1704 uiryultum
1659 1624 1991 1686 resolutum
2006 1669 2023 1699 ,
2096 1623 2244 1686 dans
2314 1627 2379 1684 in
2451 1625 2835 1704 yeneratione

607 1726 1138 1809 pulchritudinem.
1251 1723 1319 1790 in
1373 1725 1643 1792 hebraeo
1695 1727 1791 1791 ita
1834 1725 2141 1810 scriptum
2194 1728 2291 1792 est
2338 1727 2631 1810 Nopthacz·
2687 1747 2836 1807 aqer

609 1835 916 1912 imapum,
976 1831 1124 1893 dans
1166 1832 1401 1913 eloquia
1435 1831 1949 1913 pulchritudinis,
2008 1830 2368 1915 significans
2421 1828 2585 1913 quod
2631 1847 2835 1910 aquae

611 1932 849 1998 calidae
923 1933 987 1996 in
1063 1933 1200 2015 ipsa
1272 1936 1618 1999 nascuntur
1690 1935 1861 1998 tribu
1938 1934 2069 1998 siue
2127 1934 2291 2018 quod
2366 1953 2552 2016 super
2620 1933 2836 1997 lacum

611 2037 1000 2102 Genesareth
1073 2037 1305 2102 fluento
1370 2037 1654 2102 Iordanis
1728 2037 1969 2121 irrigua
2036 2039 2137 2102 sit.
2274 2036 2550 2102 Hebraei
2612 2021 2831 2101 autem
2870 2044 2943 2098 15

609 2140 834 2206 uolunt
873 2142 1128 2224 propter
1166 2141 1560 2206 Tiberiadem
1579 2191 1595 2219 ,
1654 2161 1812 2224 quae
1857 2141 2018 2226 legis
2064 2140 2393 2206 uidebatur
2436 2141 2667 2205 habere
2714 2159 2836 2203 no-

611 2244 818 2309 titiam
835 2293 849 2322 ,
925 2263 1148 2329 agrum
1210 2245 1518 2328 irriguum
1584 2247 1649 2311 et
1716 2245 1963 2328 eloquia
2017 2244 2501 2330 pulchritudinis
2560 2245 2835 2326 prophe-

611 2349 752 2414 tari.
837 2367 1055 2432 porm,
1129 2348 1239 2413 ubi
1297 2367 1411 2413 nos
1481 2369 1709 2433 agrum
1773 2349 2087 2433 irriguum
2159 2351 2223 2414 et
2279 2350 2450 2414 LXX
2516 2344 2835 2428 στέλεχος,

609 2452 675 2517 id
729 2455 826 2519 est
881 2452 1231 2537 uirgultum
1271 2454 1638 2533 resolutum,
1699 2455 2075 2539 posuerunt,
2146 2453 2213 2519 in
2266 2454 2537 2518 hebraeo
2596 2453 2835 2537 legitur

609 2560 774 2623 aiala
827 2560 1030 2637 selua,
1093 2557 1257 2642 quod
1299 2561 1511 2640 potest
1555 2560 1620 2624 et
1678 2578 1899 2624 ceruus
1948 2558 2211 2625 emissus
2270 2557 2624 2635 transferri,
2680 2576 2832 2639 pro·
2870 2566 2951 2621 20

609 2664 749 2746 pter
800 2664 1234 2745 temporaneas
1295 2662 1510 2747 fruges
1559 2662 1963 2728 uelocitatem
2021 2666 2226 2728 terrae
2270 2662 2576 2727 uberioris
2621 2664 2835 2725 osten-

611 2767 781 2831 dens.
871 2765 981 2831 sed
1025 2765 1268 2843 meliuS,
1313 2767 1368 2830 si
1415 2765 1495 2832 ad
1543 2767 1895 2833 doctrinam
1939 2767 2274 2831 saluatoris
2320 2766 2549 2830 cuncta
2589 2766 2835 2830 refera-

609 2890 776 2947 mne,
819 2869 982 2952 quod
1021 2869 1110 2934 ibi
1149 2869 1252 2935 uel
1292 2872 1564 2935 maxime
1614 2870 1924 2937 docuerit:
1984 2873 2058 2935 ut
2098 2871 2164 2933 in
2208 2870 2534 2953 euangelio
2582 2886 2833 2952 quoque

609 2976 912 3059 scriptum
957 2977 1071 3040 est.
1463 3020 1481 3036 .,

782 3081 988 3143 Filius
1039 3083 1248 3143 auctus
1305 3082 1516 3163 Ioseph
1531 3130 1546 3157 ,
1612 3081 1797 3160 filius
1854 3085 2065 3143 auctus
2133 3100 2313 3163 super
2346 3079 2583 3159 fontem
2599 3128 2614 3156 ,
2644 3079 2833 3158 filiae
2868 3086 2953 3139 25

603 3183 804 3266 yradu
855 3186 1170 3266 composito
1219 3184 1548 3246 incedente-s·
1602 3205 1784 3266 super
1837 3206 2096 3247 murum.
2197 3188 2253 3245 et
2320 3186 2837 3246 escaoerbauerunt

607 3308 742 3351 eum
803 3292 860 3350 et
905 3287 1321 3351 contendemnt
1339 3274 1382 3349 ι’
1441 3294 1497 3350 et
1554 3291 1965 3351 irascebantur
2022 3288 2313 3351 aduersus
2366 3308 2501 3351 eum
2555 3288 2841 3350 habentes

606 3395 872 3473 sayittas.
977 3391 1129 3453 sedit
1187 3395 1251 3455 in
1285 3392 1455 3470 forti
1509 3412 1690 3463 arcus
1744 3396 1875 3454 eius
1890 3442 1903 3467 ‚
1972 3398 2029 3455 et
2086 3392 2333 3475 dirupta
2384 3396 2521 3453 sunt
2580 3392 2841 3454 uincula

607 3516 892 3559 manuum
951 3499 1082 3559 eius
1095 3544 1112 3571 ‚
1182 3517 1219 3558 a
1279 3498 1558 3559 manibus·
1597 3496 1795 3575 fortis
1849 3496 2060 3559 Iacob:
2136 3496 2272 3558 inde
2315 3498 2603 3578 pascetur
2667 3496 2841 3577 lapis

605 3602 840 3664 Israhel
887 3620 924 3661 a
965 3600 1074 3663 deo
1120 3602 1323 3682 patr-229
1367 3602 1464 3663 tui
1520 3600 1586 3662 et
1644 3598 1904 3681 reliqua.
2008 3599 2154 3681 quia
2216 3598 2385 3663 LXX
2443 3595 2836 3680 interpretes

746 3734 782 3787 8
811 3732 961 3782 losue
1002 3730 1084 3795 13,
1117 3731 1186 3785 24
1217 3732 1226 3795 Ι
1257 3734 1291 3787 8
1321 3732 1478 3782 Paral
1511 3751 1545 3782 α
1586 3732 1635 3794 5,
1677 3731 1742 3785 11
1775 3730 1783 3797 Ι
1818 3730 1882 3785 11
1910 3733 2019 3782 Gen
2043 3732 2129 3796 49,
2153 3731 2221 3785 21
2254 3731 2261 3799 Ι
2294 3730 2363 3783 23
2400 3731 2567 3781 Matth
2602 3727 2653 3792 4,
2697 3731 2763 3784 15
2826 3730 2835 3800 Ι

607 3820 676 3875 25
713 3820 823 3871 Gen
855 3818 942 3881 49,
987 3818 1218 3873 22—26

748 3937 782 3989 6
816 3936 1085 3986 aduersum
1124 3956 1169 4007 φ
1208 3934 1217 4000 Ι
1262 3937 1298 3990 8
1332 3936 1749 4001 paralipomenon
1783 3954 1828 4005 φ
1871 3936 1880 3999 Ι
1926 3936 1991 3989 11
2026 3936 2285 4000 Neptalim
2322 3939 2383 4001 β,
2450 3932 2683 3983 Nefthali
2720 3952 2766 4002 φ
2826 3933 2836 4003 Ι

608 4024 670 4078 11
709 4022 987 4086 uirgultum
1013 4027 1159 4073 etiam
1197 4024 1285 4072 hoo
1321 4026 1420 4072 loco
1452 4022 1726 4073 uircultum
1763 4026 2000 4083 seriptum
2032 4026 2247 4084 uidetur,
2287 4024 2373 4070 sod
2403 4022 2586 4069 lineola
2618 4021 2685 4067 ad
2722 4024 2841 4069 ein-

605 4120 758 4161 stram
809 4113 1097 4159 descendam
1151 4126 1302 4158 manu
1346 4113 1515 4171 prima
1570 4113 1704 4157 inter
1748 4112 2049 4158 scribendum
2105 4112 2273 4158 addita
2332 4105 2341 4173 Ι
2416 4106 2479 4159 12
2521 4107 2573 4155 N
2574 4105 2738 4169 eptali
2778 4112 2837 4172 β,

603 4196 817 4247 nefthali
852 4214 897 4265 φ
935 4193 942 4263 Ι
988 4194 1056 4249 14
1088 4200 1356 4245 nascantur
1391 4214 1436 4262 φ
1467 4197 1475 4258 Ι
1511 4194 1575 4248 15
1618 4197 1951 4260 gennesareth
1985 4214 2029 4264 φ
2073 4195 2083 4259 Ι
2129 4194 2194 4247 16
2229 4193 2464 4244 uideatur
2500 4210 2545 4260 φ
2576 4190 2584 4257 Ι
2621 4190 2689 4245 18
2728 4196 2841 4243 ste-

603 4282 774 4332 lechos
815 4299 873 4351 φ,
910 4281 1154 4331 thelectus
1189 4286 1239 4347 β.
1294 4280 1587 4349 ἀνειμένον
1622 4284 1848 4345 uulqatao
1883 4296 1983 4329 non
2018 4283 2220 4331 additur
2250 4281 2259 4344 Ι
2290 4278 2361 4331 20
2394 4278 2527 4329 aiala
2558 4277 2703 4327 selua
2718 4276 2839 4349 βφΙ

605 4368 673 4421 27
707 4367 974 4418 aduersum
1015 4387 1059 4439 φ
1091 4365 1100 4436 Ι
1131 4367 1203 4423 28
1233 4367 1438 4419 uincula
1473 4372 1538 4435 β,
1580 4366 1793 4418 brachia
1831 4386 1875 4439 φ
1955 4415 1962 4421 .
2587 4388 2605 4403 ·
