3169 4941
518 382 590 439 88
1447 378 1674 435 Genesis
1709 379 1797 435 24.

521 543 637 612 καὶ
691 541 804 611 δύο
861 540 1104 632 ψέλλια
1162 539 1282 608 ἐπὶ
1333 541 1458 621 τὰς
1513 544 1735 629 χεῖρας
1796 532 2020 631 αὐτῆς·
2082 538 2251 607 δέκα
2286 542 2536 627 χρυσῶν
2585 535 2739 629 ὁλκὴ
2784 564 2808 608 1

521 641 748 717 αὗτιῖν.
835 650 894 690 ²³
907 646 1020 714 καὶ
1062 640 1474 736 ἐπηρώτησεν
1520 637 1714 735 αὐτὴν
1754 644 1869 711 καὶ
1911 639 2062 712 εἶπε
2100 643 2391 733 Θυγάτηρ
2434 640 2610 723 τίνος
2652 635 2713 709 εἶ
2725 673 2747 727 ,-

523 743 906 838 α’νάγγειλόν
938 775 1054 835 μοι
1068 773 1082 787 ·
1137 748 1196 817 εἰ
1238 748 1382 817 ἔστι
1420 749 1606 837 παρὰ
1652 753 1745 837 τῷ
1791 745 1995 837 πατρί
2037 771 2155 817 σου
2196 743 2405 827 τόπος
2443 745 2597 837 ἡμῖν
2633 750 2747 814 τοῦ

522 858 916 940 καταλῦσαις
993 850 1116 945 ²⁴7}
1173 854 1247 923 δὲ
1293 847 1478 921 εἶπεν
1518 847 1694 942 αὐτῷ
1725 853 2038 943 ,Θυγάτηρ
2083 851 2401 942 Βαθουήλ
2456 850 2594 938 εἶμι
2634 857 2749 920 τοῦ

523 961 818 1041 ΙΠελχᾶς,
860 952 932 1028 ὃν
970 956 1149 1027 ἔτεκε
1193 963 1294 1048 τῷ
1334 953 1592 1045 Ναχώρ.
1686 958 1872 1025 5’ὕκαὶ
1918 950 2103 1025 εἶπεν
2146 950 2319 1047 αὐτῷ
2362 957 2503 1024 Καὶ
2550 953 2750 1045 ἄχυρα
2784 978 2815 1024 5

525 1062 640 1131 καὶ
673 1061 1095 1151 χορτάσματα
1133 1063 1348 1131 πολλὰ
1403 1064 1559 1151 παρ’
1606 1058 1755 1151 ἡμῖν
1796 1062 1912 1129 καὶ
1967 1056 2179 1142 τόπος
2218 1066 2333 1129 τοῦ
2376 1062 2750 1128 καταλῦσαι.

535 1170 596 1211 ²⁰
627 1167 741 1235 καὶ
801 1159 1154 1258 εὗδοκήσας
1222 1164 1258 1237 ὁ
1321 1164 1677 1257 ἅνθρωπος
1741 1164 2175 1255 προσεκύνησε
2230 1171 2327 1254 τῷ
2382 1162 2582 1254 κυρίῳ
2640 1163 2753 1231 καὶ

528 1264 716 1339 εἶπεν
801 1264 1235 1362 ΞΠΕὐλογητὸς
1283 1268 1518 1362 κύριος,
1542 1268 1579 1340 ὃ
1622 1272 1787 1350 θεὸς
1842 1276 1957 1338 τοῦ
2001 1266 2223 1358 κυρίου
2262 1295 2388 1355 μου
2418 1261 2747 1358 Ἀβραὰμ,

529 1367 604 1455 ὃς
641 1371 757 1443 οὒκ
819 1374 1205 1462 ἐγκατέλιπε
1257 1378 1376 1466 τὴν
1436 1373 1842 1464 δικαιοσύνην
1886 1366 2081 1443 αὗτοῢ
2122 1374 2235 1442 καὶ
2277 1376 2395 1464 τὴν
2439 1366 2755 1463 ἀλήθειαν

531 1469 671 1547 ἇπὸ
724 1482 839 1546 τοῦ
890 1476 1106 1567 κυρίου
1157 1502 1311 1564 μου·
1389 1477 1506 1564 ἐμέ
1563 1480 1619 1545 τ’
1663 1471 1955 1546 εὗώδωκε
2021 1476 2234 1566 κύριος
2276 1473 2370 1556 εἷς
2414 1469 2593 1543 οἶκον
2641 1478 2756 1543 τοῢ
2795 1498 2859 1543 10

529 1573 818 1673 ἀδελφοῦ
858 1587 974 1650 τοῦ
1017 1580 1238 1671 κυρίου
1276 1609 1420 1669 μου.
1489 1582 1673 1650 Βθκαὶ
1715 1585 2051 1672 δραμοῦσα
2081 1579 2121 1672 ἡ
2152 1586 2315 1661 παῖς
2342 1577 2756 1670 ἅνήγχειλεῇ]

505 1682 632 1765 ,εἷς
693 1686 809 1756 τὸν
871 1680 1050 1755 οἷκον
1107 1691 1226 1779 τῆς
1285 1688 1528 1777 μητρὸς
1591 1684 1787 1777 αὐτῆς
1846 1686 2014 1753 κατὰ
2079 1686 2162 1753 τὰ
2230 1684 2482 1775 ῥήματα
2539 1688 2759 1755 ταῦτα.

541 1792 694 1880 5’9τῇ
733 1790 820 1873 ιδὲ
853 1787 1162 1881 Ῥεβέκκα
1203 1784 1490 1881 ἀδελφὸς
1532 1786 1633 1881 ἦν,
1684 1785 1737 1880 ᾧ
1794 1786 1998 1876 ὄνομα
2040 1786 2287 1876 Λάβαν
2307 1815 2322 1829 ·
2365 1788 2478 1856 καὶ
2520 1786 2762 1877 ἔδραμε

535 1889 783 1979 Λάβαν
821 1893 995 1982 πρὸς
1031 1894 1148 1964 τὸν
1189 1893 1548 1983 ἄνθρωπον
1595 1892 1719 1977 ἔξω
1763 1892 1884 1962 ἐπὶ
1921 1895 2039 1983 τὴν
2081 1893 2308 1983 πηγήν.
2402 1892 2587 1960 ῧθκαὶ
2626 1890 2765 1978 ἐγέ-

537 2020 683 2063 νετο
697 2048 714 2079 ,
761 1993 947 2086 ἡνίκα
988 1990 1122 2065 εἶδε
1161 1998 1246 2065 τὰ
1293 1993 1525 2066 ἐνώτια
1564 1998 1679 2065 καὶ
1707 2000 1805 2066 -τα
1853 1997 2096 2087 ψέλλια
2140 1998 2208 2065 έν
2247 2001 2394 2077 ταῖς
2429 1996 2613 2085 χερσὶ
2650 2000 2768 2084 τῆς
2804 2021 2867 2067 15

539 2092 827 2191 α’δελφῆς
889 2099 1112 2187 αὗτοῢ,
1191 2103 1305 2170 καὶ
1360 2101 1471 2172 ὅτε
1531 2100 1770 2193 ἤκουσε
1827 2104 1911 2169 τὰ
1972 2098 2224 2193 ῥήματα
2257 2100 2597 2189 Ῥεβέκκας
2654 2105 2771 2191 τῆς

540 2194 825 2294 ἀδελφῆς
866 2197 1060 2273 αὐτοῦ
1097 2206 1398 2297 λεγούσης
1431 2204 1615 2275 Οὕτω
1654 2202 1963 2296 λελάληκέ
2003 2232 2118 2292 μοι
2150 2204 2187 2275 ὁ
2228 2203 2613 2292 ἄνθρωποςε
2656 2203 2772 2271 καὶ

541 2411 601 2466 in
639 2413 832 2483 quaest
852 2412 987 2468 hebr
1021 2414 1191 2469 uertit
1213 2414 1583 2470 didrachmum
1606 2413 1817 2485 pondus
1844 2414 2007 2469 611164(
2032 2412 2068 2468 b
2082 2422 2150 2455 ωε
2179 2414 2187 2483 Ι
2222 2413 2289 2467 18
2314 2413 2567 2487 δραχμης
2583 2410 2647 2477 A,
2685 2411 2773 2464 δι-

546 2499 810 2572 δραγμον
832 2503 937 2567 mt,
979 2501 1246 2578 δραχμων
1271 2521 1302 2557 z
1333 2503 1340 2573 Ι
1374 2504 1443 2557 18
1465 2506 1593 2572 post
1618 2506 1781 2570 ολκης
1803 2506 1863 2568 -Ι-
1884 2522 1980 2556 και
2007 2507 2208 2568 εθηκεν
2232 2518 2311 2561 εις
2332 2519 2400 2553 τα
2424 2519 2534 2552 ωτα
2561 2517 2721 2564 αυτης
2747 2514 2775 2549 z

691 2585 723 2639 1
758 2587 906 2641 ultra
934 2586 1077 2642 hunc
1110 2605 1328 2644 uersum
1343 2629 1356 2654 ,
1393 2590 1654 2658 temporis
1697 2589 1954 2657 angustia
1993 2586 2269 2656 inpeditus
2285 2627 2299 2651 ,
2338 2585 2572 2640 codicem
2600 2602 2628 2638 r
2653 2599 2777 2637 oon-

547 2672 688 2725 ferre
737 2688 844 2727 non
890 2675 1046 2742 potui
1061 2714 1074 2739 ,
1134 2676 1204 2729 ad
1253 2692 1411 2744 quem
1459 2692 1615 2745 spero
1663 2675 1777 2731 fore
1829 2676 1892 2729 ut
1940 2674 2115 2729 redire
2172 2671 2461 2743 aliquando
2496 2671 2701 2741 possim
2766 2667 2773 2737 Ι

551 2758 582 2811 1
619 2760 790 2827 ψελια
824 2759 903 2814 Ac
957 2763 967 2827 Ι
1022 2762 1054 2816 1
1091 2763 1218 2815 ante
1252 2780 1349 2815 επι
1383 2762 1449 2830 -Ι-
1483 2777 1675 2832 χρυσα
1712 2779 1739 2814 z
1771 2763 1780 2830 Ι
1811 2762 1846 2816 2
1890 2760 2319 2815 ειπεν·Α61111;1τ
2351 2761 2360 2828 Ι
2400 2759 2436 2813 3
2466 2758 2596 2830 μοι]
2642 2774 2780 2828 ημιν

550 2859 606 2896 111
643 2843 852 2916 [t=b]
886 2850 895 2914 Ι
926 2847 961 2901 3
995 2849 1122 2902 ante
1158 2865 1209 2901 ει
1248 2851 1309 2912 -Ι-
1352 2867 1446 2901 και
1481 2864 1539 2901 oz
1570 2852 1579 2915 Ι
1612 2851 1646 2904 3
1691 2862 1845 2902 εστιν
1876 2846 1991 2901 At1
2036 2849 2045 2916 Ι
2092 2849 2127 2902 3
2161 2864 2336 2905 τοπος
2369 2847 2495 2914 post
2532 2859 2654 2897 εστι
2694 2859 2721 2894 z
2766 2839 2773 2910 Ι

553 2928 2776 3003 3του>Α61111ῐτΙ4ηδε811,καιΑ61111;τΙ4ειπετΙ4αυτῳ>τΙ

554 3014 592 3069 4
628 3019 754 3071 ante
795 3036 915 3088 ειμι
957 3021 1022 3086 -Ι-
1062 3036 1172 3090 εγω
1207 3037 1290 3084 111,
1326 3021 1452 3089 post
1487 3039 1607 3092 ειμι
1644 3023 1709 3088 -Ι-
1750 3039 1860 3091 sym
1894 3018 1996 3073 Atz
2028 3018 2037 3089 Ι
2067 3019 2102 3074 5
2136 3022 2316 3090 μελχα
2353 3034 2387 3072 a
2414 3017 2426 3087 Ι
2457 3019 2491 3072 5
2533 3032 2678 3069 ετεκε
2709 3034 2783 3068 τω

554 3100 764 3168 abomz,
802 3121 986 3160 ετεκεν
1022 3126 1168 3160 αυτω
1202 3105 1282 3171 A,
1318 3124 1499 3161 ετεκεν
1529 3126 1629 3160 τωι
1664 3108 1693 3160 t
1746 3106 1753 3176 Ι
1811 3106 1843 3160 5
1882 3123 2039 3160 ειπεν
2074 3115 2142 3166 >
2181 3123 2209 3157 z
2258 3105 2267 3172 Ι
2322 3105 2354 3158 5
2404 3123 2497 3156 και
2551 3101 2783 3156 alterum

555 3197 624 3247 >
657 3191 740 3242 etz
772 3188 846 3256 Ι·6
876 3206 1246 3265 χορτασματα
1282 3192 1489 3247 abcmtz
1505 3234 1520 3259 ‚
1550 3208 1849 3268 χορτασμα
1878 3193 1927 3247 A
1956 3192 1965 3264 Ι
1998 3193 2031 3248 6
2064 3193 2244 3244 πολλα
2268 3201 2337 3250 >
2366 3192 2472 3254 mt,
2510 3191 2655 3242 πολυ
2678 3187 2727 3242 A
2769 3190 2777 3255 Ι

556 3275 591 3330 6
625 3277 751 3343 post
792 3294 962 3336 τοπος
996 3278 1062 3346 -Ι-
1101 3297 1240 3350 ημιν
1311 3296 1341 3333 z
1395 3281 1404 3350 Ι
1458 3282 1493 3337 6
1530 3300 1630 3334 του
1664 3291 1733 3340 >
1773 3297 1803 3334 z
1857 3278 1865 3348 Ι
1921 3281 1953 3333 7
1989 3293 2399 3352 προσεκυνησεν
2435 3274 2484 3329 A
2562 3276 2570 3344 Ι
2637 3277 2669 3331 7
2703 3293 2781 3344 τῳ

558 3367 627 3419 >
662 3361 712 3415 A
763 3362 773 3430 Ι
828 3362 861 3417 8
897 3365 1024 3434 post
1062 3383 1218 3419 ειπεν
1255 3367 1321 3435 -Ι-
1359 3386 1492 3433 αυτη
1529 3384 1557 3419 z
1621 3368 1630 3434 Ι
1690 3367 1725 3420 9
1762 3387 1828 3419 ου
1867 3382 1924 3420 oz
1990 3365 1999 3436 Ι
2064 3366 2099 3419 9
2136 3366 2531 3435 εγκατελειπεν
2564 3360 2640 3425 A,
2682 3380 2781 3414 κα-

557 3449 776 3509 τελιπες
811 3465 868 3514 a,
922 3453 1185 3507 κατελιπε
1221 3470 1249 3505 z
1317 3455 1328 3520 Ι
1402 3453 1437 3508 9
1466 3472 1642 3506 αυτου
1676 3462 1745 3513 >
1780 3451 1890 3517 Aa,
1954 3466 2055 3505 σου
2102 3468 2133 3505 c
2201 3450 2209 3518 Ι
2291 3449 2357 3503 10
2396 3450 2523 3517 post
2564 3467 2679 3520 μου
2720 3452 2780 3514 -Ι-

560 3540 786 3608 αβρααμ
822 3539 960 3591 cmtz
1024 3538 1033 3608 Ι
1104 3541 1173 3596 10
1213 3558 1312 3611 εμε
1346 3560 1378 3592 τ
1425 3541 1674 3594 sumamus
1718 3539 1785 3604 b,
1860 3557 1963 3611 εμε
2011 3538 2295 3591 ευοδωκεν
2335 3534 2415 3598 A,
2494 3552 2595 3605 εμε
2652 3552 2786 3588 ευω-

562 3620 710 3672 δωκε
753 3625 876 3687 at2,
945 3642 1045 3696 εμε
1080 3643 1140 3679 τε
1178 3627 1418 3680 ευοδωσε
1457 3642 1511 3692 o,
1565 3644 1663 3698 εμε
1702 3627 1941 3680 ευωδοκε
1976 3642 2054 3689 111,
2111 3641 2209 3694 εμε
2245 3622 2528 3675 ευωδωκεν
2560 3621 2653 3684 121,
2691 3639 2785 3673 καί*

562 3722 665 3777 εμε
691 3725 751 3760 εν
783 3709 900 3762 οδω
935 3729 1113 3782 ηγαγε
1149 3729 1180 3767 z
1232 3712 1241 3782 Ι
1310 3714 1378 3768 10
1409 3715 1536 3782 post
1576 3731 1653 3772 εις
1687 3714 1751 3781 -Ι-
1790 3729 1893 3765 τον
1930 3727 1959 3765 6
2001 3711 2010 3778 Ι
2051 3712 2119 3766 10
2152 3728 2250 3762 του
2286 3708 2517 3762 alterum
2549 3717 2618 3766 >
2658 3723 2714 3760 m
2776 3702 2785 3775 Ι

563 3795 631 3849 11
667 3797 795 3862 post
829 3816 942 3866 μου
976 3798 1042 3866 -Ι-
1081 3800 1270 3867 λαβειν
1305 3817 1542 3870 γυναικα
1582 3818 1659 3868 τῳ
1696 3818 1797 3851 υιω
1842 3815 2011 3850 αυτου
2048 3812 2077 3849 ο
2138 3795 2149 3865 Ι
2220 3794 2297 3848 11-
2322 3796 2665 3862 απηγγειλεν
2698 3791 2789 3854 At,

565 3884 864 3951 ανηγγειλε
897 3883 966 3939 ab
996 3884 1007 3955 Ι
1039 3883 1107 3940 12
1144 3902 1223 3945 εις
1261 3903 1358 3939 τον
1394 3903 1549 3939 οικον
1581 3894 1650 3945 >
1686 3901 1719 3939 a
1766 3887 1776 3951 Ι
1826 3883 1895 3940 12
1931 3902 1997 3956 τῃ
2030 3901 2199 3957 μητρι
2235 3897 2269 3935 a
2316 3882 2326 3945 Ι
2375 3879 2443 3935 12
2478 3898 2548 3932 τα
2580 3888 2647 3938 >
2678 3877 2791 3940 A1,

567 3985 729 4040 super
786 3986 1001 4025 uersum
1065 3972 1282 4041 scripsit
1355 3972 1446 4026 uel
1505 3972 1625 4040 ipse
1695 3970 1949 4026 librarius
2015 3968 2105 4022 uel
2174 3968 2439 4021 corrector
2500 3980 2726 4020 coaeuus
2779 3961 2788 4032 Ι

567 4058 635 4111 13
685 4075 753 4124 ην
810 4057 1060 4131 αδελφος
1114 4074 1144 4111 0
1218 4059 1227 4126 Ι
1308 4061 1375 4114 13
1427 4058 1677 4133 εδραμεν
1727 4057 1805 4121 A,
1875 4059 2035 4124 ελαβε
2098 4071 2155 4106 111
2208 4051 2515 4122 [MCrusius
2586 4051 2794 4124 εδραμε

568 4159 728 4212 super
790 4160 1008 4199 uersum
1073 4144 1318 4215 scripsit,
1393 4145 1453 4199 in
1520 4144 1660 4199 libro
1717 4145 1903 4198 mutuo
1966 4142 2183 4209 accepto
2198 4140 2238 4209 1]
2320 4140 2328 4208 Ι
2413 4138 2481 4192 14
2534 4139 2636 4199 εξω
2698 4153 2794 4189 em

569 4249 671 4296 την
705 4249 894 4300 πηγην
923 4249 1069 4306 προς
1106 4250 1209 4285 τον
1244 4238 1548 4306 ανθρωπον
1584 4248 1613 4283 z
1679 4230 1688 4300 Ι
1762 4229 1829 4285 15
1866 4229 1989 4281 ιδεν
2020 4224 2097 4290 A,
2148 4225 2299 4278 ειδεν
2334 4226 2399 4278 121
2455 4223 2463 4291 Ι
2518 4223 2585 4278 15
2628 4224 2797 4292 ψελια

571 4330 669 4378 ⁸⁷.ss
701 4335 797 4375 τας
821 4336 1018 4392 χειρας
1050 4318 1129 4384 A,
1191 4321 1392 4386 ψελλια
1431 4336 1526 4372 επι
1563 4336 1661 4376 τας
1685 4331 1881 4391 χειρας
1914 4329 2006 4378 az,
2064 4315 2233 4382 ψελια
2272 4328 2367 4364 επι
2414 4329 2510 4370 τας
2546 4311 2648 4363 δυο
2676 4324 2797 4377 χει-

571 4421 673 4476 ρας
707 4419 736 4457 c
789 4405 798 4472 Ι
857 4405 924 4460 16
961 4424 1052 4457 οτι
1086 4407 1195 4460 mtz
1248 4407 1258 4474 Ι
1313 4405 1379 4459 16
1411 4421 1656 4470 ηκουσεν
1691 4402 1769 4456 Az
1807 4399 1817 4470 Ι
1850 4400 1916 4455 16
1950 4419 2019 4454 τα
2054 4417 2271 4474 ρηματα
2306 4406 2377 4457 >
2410 4412 2441 4452 z
2471 4396 2480 4466 Ι
2513 4393 2669 4465 16117
2707 4411 2802 4460 της
