3169 4941
564 367 669 423 142
1506 366 1731 423 Genesis
1765 367 1852 423 35.

570 526 716 594 ''awel
756 520 1164 616 ᾠκοδόμησεν
1223 526 1359 595 ἐκεῖ
1402 526 1874 617 θυσιαστήριον
1894 580 1910 610 ,
1989 524 2103 594 καὶ
2160 520 2422 593 ἐκάλεσε
2461 525 2539 594 τὸ
2583 520 2787 610 ὄνομα
2825 545 2850 590 1

558 636 676 699 τοῦ
730 630 941 699 τόπου
994 626 1259 721 Βαιθήλ
1276 654 1291 670 ·
1366 630 1500 699 ἐκεῖ
1569 629 1689 720 γὰρ
1751 630 1956 722 ἐφάνη
2019 626 2188 719 αὐτῷ
2244 627 2283 698 5
2344 630 2507 710 θεὸς
2567 628 2635 696 ἐν
2693 637 2787 718 τῷ

558 730 1066 823 ἀποδιδράσκειν
1094 728 1291 802 αὐτὸν
1322 732 1463 803 ἀπὸ
1495 734 1862 824 προσώπου
1886 728 2090 801 Ἠσαῦ
2120 742 2232 802 τοῦ
2261 728 2544 823 ἀδελφοῦ
2573 729 2784 802 αὐτοῦ.

566 831 911 907 ὅᾶπέθανε
956 838 1029 906 δὲ
1068 838 1369 928 Δεβόρρα
1406 836 1444 929 ἢ
1478 839 1725 928 τροφὸς
1755 836 2124 924 Ῥεβέκκας,
2171 838 2280 906 καὶ
2327 833 2537 926 ἐτάφη
2576 832 2784 904 κατώ-

554 968 740 1031 τερον
792 941 1059 1033 Βαιθὴλ
1118 942 1255 1011 ὑπὸ
1326 943 1441 1032 τὴν
1492 938 1785 1028 ,βάλανον
1805 965 1818 979 ·
1893 942 2005 1009 καὶ
2071 941 2371 1011 ἐκάλεσεν
2421 934 2652 1026 Ἰακώβ
2705 939 2783 1007 τὸ
2817 960 2848 1005 5

552 1045 758 1132 ὄνομα
803 1042 997 1134 αὐτῆς
1042 1045 1340 1124 Βάλανος
1376 1044 1684 1125 πένθους.
1757 1042 1996 1135 θῶφθη
2041 1045 2113 1112 δὲ
2158 1042 2195 1113 5
2227 1044 2391 1123 θεὸς
2433 1049 2526 1133 τῷ
2557 1042 2784 1130 Ἰακώβ

552 1148 654 1218 ἔτι
700 1150 768 1217 ἐν
808 1148 1043 1232 Λουζά
1058 1200 1073 1231 ,
1121 1146 1231 1216 ὅτε
1267 1147 1664 1238 παρεγένετο
1708 1149 1782 1217 ἐκ
1811 1146 2341 1233 Μεσοποταμίας
2383 1156 2498 1237 τῆς
2525 1146 2776 1235 Συρίας,

552 1252 665 1321 καὶ
708 1250 1043 1342 εὐλόγησεν
1084 1249 1278 1319 αὐτὸν
1330 1248 1367 1319 5
1412 1251 1589 1332 θεός.
1688 1258 1748 1296 ¹⁰
1764 1252 1876 1321 καὶ
1933 1246 2120 1320 εἶπεν
2179 1249 2352 1341 αὐτῷ
2399 1248 2436 1318 5
2479 1251 2641 1331 θεὸς
2688 1252 2772 1319 Tc*

551 1352 760 1443 ὄνομά
801 1379 919 1424 σου
958 1348 1033 1424 οὗ
1074 1350 1473 1446 κληθήσεται
1514 1352 1614 1423 ἔτι
1657 1352 1886 1441 Ἰακώβ
1903 1410 1919 1439 ,
1981 1348 2116 1422 ἀλλ’
2165 1353 2417 1445 Ἰσραὴλ
2473 1353 2660 1423 ἔσται
2703 1353 2780 1421 τὸ

550 1458 755 1545 ’ὄνομά
798 1482 941 1527 σου·
1000 1459 1112 1527 καὶ
1156 1458 1420 1527 ἐκάλεσε
1460 1458 1537 1526 τὸ
1578 1456 1786 1545 ὄνομα
1845 1456 2041 1527 αὐτοῦ
2082 1452 2340 1548 Ἰσραήλ.
2438 1464 2494 1501 ¹¹
2511 1451 2662 1526 εἶπε
2705 1459 2778 1527 δὲ
2815 1480 2882 1525 10

550 1562 727 1653 αὐτῷ
766 1561 803 1631 5
846 1564 1010 1644 θεὸς
1054 1557 1213 1651 Ἐγώ
1258 1561 1294 1631 5
1344 1558 1509 1643 θεός
1551 1587 1668 1630 σου
1683 1586 1696 1601 ·
1739 1555 2012 1646 αὖξάνου
2058 1562 2167 1629 καὶ
2206 1558 2564 1651 πληθύνου·
2611 1558 2777 1651 ἔθνη

548 1669 657 1737 καὶ
702 1666 1067 1756 συναγωγαὶ
1111 1667 1327 1736 ἐθνῶν
1386 1666 1645 1737 ἔσονται
1708 1668 1780 1735 ἐκ
1829 1671 1946 1734 ooz-
1962 1720 1976 1749 ,
2051 1666 2162 1733 καὶ
2217 1668 2512 1752 βασιλεῖς
2555 1665 2625 1733 ἐκ
2667 1671 2780 1757 τῆς

545 1769 789 1862 ὀσφύος
829 1795 945 1840 σου
991 1767 1453 1854 ἐξελεύσονται.
1518 1770 1704 1837 ΗῙ’καὶ
1745 1771 1859 1860 τὴν
1900 1778 2044 1859 γῆν,
2090 1764 2170 1858 ἣν
2213 1766 2426 1837 ἔδωκα
2478 1762 2774 1859 Ἀβραὰμ

546 1876 657 1944 καὶ
688 1870 938 1960 Ἰσαάκ,
994 1875 1102 1943 σοὶ
1142 1874 1396 1944 δέδωκα
1439 1868 1636 1964 αὐτήν
1654 1898 1668 1913 ·
1723 1873 1833 1941 σοὶ
1877 1871 2062 1941 ἔσται
2078 1927 2094 1957 ,
2150 1874 2262 1941 καὶ
2305 1880 2400 1961 τῷ
2442 1872 2779 1962 σπέρματί

547 2002 665 2047 σου
706 1979 871 2065 μετὰ
906 1979 983 2047 σὲ
1022 1978 1213 2045 δώσω
1254 1979 1367 2068 τὴν
1409 1984 1522 2068 γῆν
1564 1977 1818 2067 ταύτην.
1919 1970 2192 2067 13ἀνέβη
2253 1977 2326 2045 δὲ
2367 1974 2403 2043 5
2447 1978 2609 2057 θεὸς
2654 1971 2776 2045 ἆπ)
2812 1993 2878 2041 15

548 2078 743 2152 αὐτοῦ
787 2084 858 2150 ἐκ
900 2088 1014 2151 τοῦ
1058 2079 1286 2166 τύπου,
1352 2073 1425 2150 οὗ
1465 2082 1732 2171 ἕλάλησε
1775 2075 1914 2167 μετ’
1967 2074 2181 2149 αὐτοῦ.
2277 2086 2336 2124 ¹⁴
2355 2081 2465 2149 καὶ
2507 2080 2774 2171 ἔστησεν

538 2185 763 2273 Ἰακώβ
820 2186 1052 2277 στήλην
1116 2186 1181 2254 ἐν
1239 2194 1333 2275 τῷ
1385 2186 1573 2275 τόπῳ
1631 2179 1684 2275 ᾦ
1737 2183 2007 2275 ἑλάλησε
2057 2178 2192 2271 μετ’
2251 2184 2448 2254 αὐτοῦ
2510 2183 2547 2253 5
2591 2181 2770 2269 θεός,

543 2291 773 2383 στήλην
815 2290 1072 2381 λιθίνην
1087 2315 1101 2330 ·
1176 2290 1288 2358 καὶ
1332 2288 1636 2359 ἔσπεισεν
1675 2283 1781 2358 ἐπ’
1829 2283 2025 2380 αὐτὴν
2065 2286 2351 2380 σπονδήν
2364 2344 2382 2375 ,
2457 2290 2569 2357 καὶ
2611 2288 2767 2357 ἑπέ-

688 2487 715 2540 l
756 2488 1129 2556 ωκοδομησαν
1159 2487 1210 2539 D
1258 2488 1268 2552 Ι
1315 2489 1343 2540 1
1386 2488 1643 2540 εκαλεσεν
1677 2484 1936 2540 ΑΒΕΘίῑΙ
1967 2487 1974 2555 Ι
2007 2487 2041 2539 2
2071 2489 2197 2554 post
2229 2504 2409 2539 τοπου
2452 2489 2512 2551 -Ι-
2551 2503 2766 2540 εκεινου

541 2572 714 2636 Emtz,
735 2575 800 2640 -Ι-
821 2571 1197 2627 asteriscatmn
1217 2571 1505 2646 mxvqogG
1538 2571 1546 2641 Ι
1576 2573 1612 2626 2
1629 2578 1803 2640 βεθηλ
1829 2591 1873 2636 z,
1898 2588 2007 2626 non
2022 2573 2071 2626 D
2105 2573 2111 2642 Ι
2143 2573 2178 2626 2
2201 2589 2448 2644 επεφανη
2463 2571 2765 2635 AEGamtz,

542 2675 823 2730 επεφανεν
856 2660 907 2714 D
952 2660 960 2730 Ι
1002 2659 1037 2712 2
1071 2677 1236 2710 αυτον
1276 2659 1353 2726 24
1394 2660 1429 2712 3
1465 2676 1638 2711 αυτον
1674 2659 2120 2733 αποδιδρασκειν
2158 2659 2286 2712 Emt
2315 2662 2324 2725 Ι
2365 2659 2400 2713 3
2436 2660 2561 2726 post
2595 2676 2766 2710 αυτον

541 2747 607 2813 -Ι-
628 2745 1040 2818 αποδιδρασκιν
1056 2744 1124 2806 D,
1163 2743 1255 2812 qui
1279 2745 1439 2798 antea
1464 2743 1631 2798 etiam
1657 2745 2101 2818 αποδιδρασκειν
2122 2744 2312 2799 habuit
2342 2745 2349 2813 Ι
2381 2747 2416 2800 3
2441 2742 2729 2811 Τησαυεθτ
2752 2742 2759 2813 Ι

537 2831 574 2885 4
607 2837 891 2885 απεθανεν
925 2827 1184 2884 ADEGt1
1231 2831 1240 2898 Ι
1286 2829 1323 2884 4
1360 2832 1608 2902 δεββωρα
1644 2829 1904 2894 ΑΒΘτῐηῒ,
1943 2837 2190 2904 ρεββωρα
2225 2831 2300 2894 Ε,
2346 2832 2604 2905 δεβωρρα
2641 2847 2709 2900 ay
2748 2829 2760 2900 Ι

538 2916 574 2970 4
614 2936 707 2970 και
747 2935 919 2988 εταφη
957 2927 1024 2976 >
1060 2914 1189 2985 AEy
1206 2956 1221 2981 ‚
1258 2915 1424 2970 habet
1458 2915 1624 2970 etiam
1659 2917 1708 2970 D
1731 2957 1744 2980 ‚
1783 2916 2160 2971 asterisoatum
2198 2916 2247 2971 G
2278 2919 2287 2986 Ι
2327 2916 2362 2971 5
2395 2920 2614 2971 εκαλεσε
2652 2933 2709 2970 m
2749 2917 2757 2987 Ι

538 3005 573 3058 5
608 3009 785 3070 ιακωβ
823 3011 889 3059 >
925 3001 1029 3058 Gm
1060 3006 1068 3069 Ι
1100 3003 1133 3056 6
1166 3005 1418 3070 βαλανον
1447 3020 1474 3055 z
1508 3003 1514 3071 Ι
1545 3004 1580 3056 6
1616 3021 1692 3071 τῳ
1727 3013 1794 3062 >
1830 3000 2138 3057 ADEGomt
2166 3003 2176 3072 Ι
2209 3004 2240 3057 ’7
2266 3008 2315 3066 ’ς’
2347 3021 2406 3056 εν
2437 3003 2624 3064 λουζα·
2669 3001 2721 3056 G
2749 3003 2757 3075 Ι

538 3088 570 3142 7
610 3088 694 3156 εν]
734 3104 827 3140 επι
866 3088 997 3156 217
1036 3091 1161 3142 ante
1200 3106 1261 3141 εκ
1300 3089 1364 3156 -Ι-
1404 3104 1577 3142 εκεισε
1617 3091 1754 3157 al?
1789 3091 1914 3159 post
1950 3109 2010 3142 εκ
2049 3092 2113 3158 -Ι-
2158 3109 2249 3156 της
2284 3089 2756 3160 ΕΙῚτης>ΕΙ

536 3175 571 3228 8
606 3177 917 3243 ηυλογησεν
951 3174 1043 3228 AE
1100 3176 1109 3244 Ι
1162 3175 1197 3228 8
1237 3175 1402 3243 priori
1431 3176 1548 3229 loeo
1584 3181 1688 3238 Το
1726 3181 1898 3237 θεοςε
1937 3175 2012 3242 G,
2057 3176 2152 3231 ubi
2187 3194 2202 3230 z
2239 3193 2273 3231 a
2312 3179 2604 3230 correctore
2641 3193 2760 3230 esse

535 3260 747 3314 uidetur
802 3259 810 3329 Ι
864 3264 899 3317 8
936 3283 967 3315 ο
1007 3267 1137 3320 θεος
1176 3261 1406 3315 alterum
1438 3273 1507 3322 >
1539 3263 1621 3316 Dz
1675 3265 1684 3330 Ι
1737 3263 1771 3316 9
1808 3265 1934 3332 post
1968 3281 2076 3316 σου
2111 3265 2177 3333 -Ι-
2216 3269 2390 3331 ιακωβ
2427 3261 2689 3318 DEGamt
2745 3262 2754 3332 Ι

532 3347 567 3400 9
604 3365 687 3400 en
724 3355 901 3416 ιακωβ
937 3351 1039 3400 αλλ
1067 3348 1116 3401 A
1150 3349 1209 3402 in
1244 3364 1435 3403 rasura
1471 3365 1636 3402 manu
1673 3350 1906 3404 secunda
1937 3351 1944 3419 Ι
1976 3350 2009 3404 9
2049 3353 2188 3403 ana
2225 3367 2252 3404 c
2284 3351 2292 3416 Ι
2324 3351 2358 3404 9
2397 3351 2524 3418 post
2567 3350 2752 3417 αλλ-Ι-

533 3454 565 3501 η
591 3432 803 3488 DGmtz
836 3435 842 3503 Ι
877 3435 944 3488 10
978 3453 1071 3488 και
1108 3439 1331 3489 εκαλεσε
1359 3436 1410 3505 [”
1422 3454 1519 3490 σεν
1544 3435 1615 3506 G]
1644 3457 1706 3490 το
1738 3455 1919 3507 ονομα
1946 3457 2113 3490 αυτου
2139 3440 2337 3511 ισραηλ
2361 3447 2428 3496 >
2451 3436 2754 3500 ΑΒΕοΠιίῑτ,

530 3521 695 3576 habet
716 3522 1034 3576 asteriscata
1056 3519 1133 3586 G,
1169 3523 1261 3592 qui
1286 3540 1299 3574 ε
1324 3523 1486 3577 finale
1526 3523 1710 3578 omisit
1741 3524 1747 3592 Ι
1781 3524 1849 3576 10
1881 3540 2041 3578 ειπεν
2062 3522 2159 3577 AD
2195 3524 2280 3593 [ut
2301 3522 2538 3592 uidetur]
2558 3522 2712 3577 Eth
2742 3522 2748 3589 Ι

533 3611 595 3663 11
635 3626 743 3677 εγω
780 3628 810 3660 ο
848 3614 977 3668 θεος
1013 3617 1081 3667 >
1120 3607 1199 3672 G,
1240 3625 1273 3663 a
1312 3612 1606 3664 correctore
1644 3609 1817 3678 primo
1855 3609 2160 3678 suppletum
2215 3611 2223 3677 Ι
2280 3610 2342 3663 11
2381 3611 2507 3677 post
2545 3623 2646 3662 σου
2685 3612 2752 3677 -Ι-

530 3695 903 3748 asteriseatum
939 3712 1125 3752 ικανος
1162 3693 1211 3748 G
1242 3697 1250 3760 Ι
1285 3696 1347 3749 11
1388 3699 1515 3750 ante
1556 3702 1694 3762 εθνη
1731 3691 1797 3764 -Ι-
1838 3715 1933 3749 και
1964 3694 2056 3748 ΑΕ
2089 3698 2096 3760 Ι
2131 3696 2196 3751 13
2235 3695 2448 3748 δεδωκα
2473 3693 2751 3748 ADamtz.

531 3821 563 3846 „
580 3779 728 3834 schol
751 3795 946 3850 ωμοσα
962 3783 995 3806 “
1017 3779 1052 3834 b
1085 3779 1094 3850 Ι
1128 3781 1194 3836 13
1218 3784 1343 3836 ante
1368 3789 1597 3854 αβρααμ
1616 3784 1682 3850 -Ι-
1708 3802 1806 3835 τωι
1831 3783 1932 3849 mt,
1956 3783 2022 3850 -Ι-
2046 3801 2122 3851 τῳ
2145 3797 2179 3834 a
2211 3781 2218 3850 Ι
2251 3781 2321 3837 14
2343 3783 2468 3835 ante
2493 3769 2660 3834 ισαακ
2690 3783 2752 3832 -Ι-

530 3886 606 3919 τω
642 3883 727 3930 m,
764 3865 829 3933 -Ι-
868 3885 966 3918 τωι
1003 3868 1030 3919 t
1060 3866 1069 3932 Ι
1101 3865 1169 3920 14
1207 3881 1337 3920 ισακ
1372 3865 1421 3920 Gr
1452 3867 1461 3937 Ι
1495 3868 1563 3923 14
1599 3882 1694 3920 σοι
1729 3868 1952 3920 δεδωκα
1989 3885 2160 3933 αυτην
2191 3877 2258 3926 >
2297 3885 2324 3919 z
2356 3869 2363 3935 Ι
2398 3869 2464 3923 14
2498 3867 2625 3920 αῐιίῑθ
2657 3881 2752 3918 σοι

528 3951 761 4005 alterum
798 3952 863 4017 -Ι-
902 3971 997 4004 και
1051 3967 1085 4005 a
1155 3951 1163 4020 Ι
1236 3951 1305 4006 14
1354 3968 1444 4005 σοι
1499 3967 1654 4005 wrm
1694 3961 1762 4010 >
1797 3951 2000 4015 AEmt,
2061 3950 2226 4005 habet
2262 3951 2426 4005 etiam
2454 3952 2532 4004 D.
2577 3957 2634 4014 Τ
2656 3967 2752 4003 σοι

528 4053 683 4091 εσται
708 4055 721 4090 2
746 4035 827 4090 G.
866 4053 935 4114 ‹53›
972 4052 1125 4091 εσται
1160 4054 1191 4091 z
1254 4039 1267 4114 Ι
1332 4038 1399 4094 15
1433 4039 1559 4106 post
1593 4056 1798 4106 ταυτην
1835 4040 1900 4105 -Ι-
1945 4057 2024 4098 εις
2072 4057 2169 4096 τας
2202 4055 2397 4107 γενεας
2433 4055 2612 4091 αυτων
2650 4051 2685 4090 a
2739 4037 2749 4106 Ι

531 4123 595 4176 15
636 4124 697 4177 δε
732 4134 800 4183 >
838 4139 871 4176 a
902 4124 909 4191 Ι
943 4123 1101 4191 15116
1138 4142 1218 4176 απ
1253 4144 1425 4178 αυτου
1465 4145 1495 4178 ο
1534 4131 1666 4184 θεος
1700 4123 1748 4178 G
1779 4126 1788 4194 Ι
1822 4125 1975 4195 15116
2012 4141 2096 4176 απ
2129 4143 2298 4176 αυτου
2336 4131 2404 4181 >
2432 4141 2460 4176 z
2491 4129 2500 4186 Ι
2534 4124 2600 4181 16
2626 4125 2750 4176 ελα-

528 4211 692 4275 λησεν
727 4207 985 4264 ADEGt1
1030 4210 1037 4278 Ι
1085 4212 1150 4265 1‘7
1187 4213 1449 4277 ελαλησεν
1482 4209 1689 4264 AEGt¹
1734 4210 1743 4279 Ι
1797 4211 1862 4265 17
1903 4230 1932 4262 ο
1973 4215 2102 4268 θεος
2133 4219 2200 4268 >
2223 4208 2324 4262 AD
2352 4211 2460 4279 [GR]
2487 4207 2698 4263 EGamt
2735 4209 2744 4279 Ι

528 4295 597 4348 18
634 4297 867 4362 λιθηνην
900 4296 927 4347 t
957 4296 965 4362 Ι
998 4296 1066 4350 18
1103 4312 1331 4349 εσπισεν
1366 4296 1437 4359 Ε,
1473 4311 1737 4364 εποιησεν
1772 4313 1828 4360 ο,
1868 4309 2066 4348 επεσεν
2098 4311 2125 4346 z
2175 4300 2184 4362 Ι
2235 4295 2303 4347 18
2338 4298 2394 4348 et
2431 4298 2460 4350 1
2497 4315 2660 4363 αυτης
2696 4295 2746 4347 D

528 4377 676 4446 [GR],
714 4380 781 4434 18
814 4380 978 4433 etiam
1012 4398 1043 4434 z
1081 4401 1242 4449 αυτης
1284 4381 1294 4449 Ι
1341 4381 1409 4433 18
1444 4383 1668 4448 σποδην
1704 4381 1748 4434 Ε
1787 4382 1798 4450 Ι
1845 4381 1966 4449 18s1
2006 4398 2206 4452 επεχεν
2246 4397 2307 4445 a,
2346 4380 2612 4451 επεχεξεν
2641 4381 2668 4432 t
