3169 4941
2516 440 2585 494 6'1

299 617 328 671 1
369 615 434 678 et
488 611 907 677 hereditatem
924 661 939 689 ‚
1020 630 1178 694 quae
1253 611 1685 694 primogenitis
1744 612 1881 674 iure
1946 609 2318 685 debebatur,
2378 626 2588 674 sacer-

366 716 609 782 dotium
663 716 944 797 accipere
991 718 1056 781 et
1102 735 1398 798 regnum:
1472 716 1592 780 hoc
1638 715 1865 799 quippe
1924 715 1988 778 in
2043 713 2347 802 portando
2396 732 2584 778 onere

367 822 431 885 et
497 819 856 903 praeualido
917 820 1138 884 robore
1202 820 1686 884 demonstratur.
1816 807 2040 883 uerum
2097 817 2245 900 quia
2308 817 2585 900 peccasti

367 926 432 989 et
475 923 653 1007 quasi
695 943 856 1007 aqua
874 975 890 1002 ,
951 941 1108 1007 quae
1151 922 1410 988 uasculo
1464 942 1591 988 non
1639 925 1890 987 tenetur
1906 972 1921 1000 ‚
1965 920 2311 1004 uoluptatis
2354 921 2583 985 effusus

297 1039 332 1096 5
371 1047 436 1092 es
459 1027 748 1110 impetu,
803 1025 1033 1092 idcirco
1090 1027 1209 1093 tibi
1261 1027 1576 1113 praecipio
1623 1047 1703 1091 ne
1748 1027 1915 1092 ultra
1969 1045 2189 1110 pecces
2248 1025 2455 1107 sisque
2516 1025 2581 1116 in

362 1132 634 1198 fratrum
692 1150 951 1196 numero
972 1181 987 1209 ‚
1065 1150 1331 1215 poenam
1389 1152 1464 1196 ex
1529 1133 1788 1215 peccato
1850 1130 2031 1196 luens
2051 1180 2067 1209 ‚
2124 1128 2289 1215 quod
2350 1129 2585 1212 primo-

366 1235 565 1320 geniti
612 1236 896 1300 ordinem
937 1234 1287 1318 perdidisti.

550 1341 802 1422 Symeon
845 1347 901 1404 ei
935 1342 1099 1404 Leui
1121 1342 1364 1421 fratres
1403 1346 1965 1405 consummauerunt
1998 1344 2371 1423 iniquitatem
2416 1339 2583 1401 adin-

364 1449 658 1509 novationis
710 1467 888 1508 suae:
941 1451 1006 1509 in
1049 1449 1368 1510 consilium
1422 1468 1629 1508 eorum
1673 1468 1787 1510 non
1842 1450 2044 1509 ueniat
2088 1449 2289 1508 anima
2334 1463 2484 1519 mea,
2530 1445 2587 1504 et

264 1562 333 1618 10
367 1554 432 1614 in
489 1553 940 1632 congreyatione
997 1571 1203 1612 eorum
1260 1572 1375 1614 non
1431 1552 1769 1612 aemuletur
1823 1554 1991 1612 iecur
2046 1569 2277 1611 meum.-
2328 1550 2469 1628 quia
2522 1547 2587 1606 in

347 1654 574 1734 furore
613 1675 720 1716 suo
759 1654 1180 1734 interfecerunt
1233 1657 1498 1717 homines·
1553 1659 1610 1716 et
1674 1658 1737 1716 in
1782 1653 2075 1716 desiderio
2118 1673 2227 1739 suo
2264 1653 2588 1713 subnerua·

365 1763 583 1820 uerunt
633 1762 893 1821 taurum.
1013 1758 1390 1823 necessitate
1453 1756 1889 1839 compellimur
1949 1757 2123 1820 iuxta
2193 1752 2586 1837 propositum

368 1862 572 1945 operis
614 1861 864 1944 longius
907 1880 982 1926 ea
1025 1863 1308 1944 repetere
1327 1910 1342 1938 ‚
1397 1879 1554 1942 quae
1600 1860 1679 1925 ab
1718 1861 1989 1924 hebraea
2034 1859 2304 1924 ueritate
2349 1856 2585 1920 discor-

366 1964 536 2028 dant.
640 1963 874 2047 legitur
918 1965 1082 2029 enim
1127 1964 1217 2029 ibi
1262 1966 1514 2046 Symeon
1558 1971 1615 2028 et
1659 1966 1822 2028 Leni
1844 1965 2112 2044 fratrea,
2166 1983 2315 2026 uasa
2370 1964 2588 2042 iniqui-

267 2084 335 2139 15
369 2073 512 2133 tatis
555 2090 726 2132 arma
771 2091 994 2132 eorum.
1083 2068 1148 2131 in
1191 2089 1476 2132 arcanum
1521 2081 1728 2132 eorum
1772 2091 1843 2131 ne
1886 2073 2070 2131 intret
2115 2071 2315 2130 anima
2358 2084 2489 2128 mea
2532 2069 2588 2126 et

366 2177 430 2235 in
455 2179 759 2236 'conuentu
805 2194 1010 2236 eorum
1053 2195 1124 2236 ne
1167 2174 1540 2236 dissoluatur
1573 2175 1777 2255 gloria
1832 2193 1995 2235 mea:
2068 2175 2209 2253 quia
2262 2174 2326 2232 in
2361 2170 2585 2249 furore

366 2298 474 2340 suo
520 2278 943 2357 interfecerunt
987 2281 1194 2340 uirum
1239 2282 1295 2339 et
1335 2281 1400 2338 in
1438 2278 1689 2339 libidine
1738 2297 1851 2338 sua
1896 2275 2267 2355 suffoderunt
2320 2293 2581 2335 murum.

369 2379 684 2463 significat
713 2381 926 2443 autem
968 2398 1092 2443 non
1125 2381 1222 2444 sui
1261 2379 1450 2443 fuisse
1483 2379 1729 2443 consilii
1760 2378 1923 2462 quod
1946 2377 2215 2460 Sychem
2238 2378 2305 2440 et
2328 2377 2586 2439 Emmor

368 2483 720 2549 foederatos
771 2484 942 2548 uiros
993 2483 1424 2548 interfecerint
1477 2485 1817 2565 contraque
1860 2484 1961 2547 ius
2018 2481 2190 2565 pacis
2248 2482 2313 2545 et
2366 2478 2585 2545 amici-

264 2608 335 2661 20
371 2588 604 2653 tiarum
663 2586 1048 2669 ‚sanguinem
1120 2586 1397 2652 fuderint
1455 2588 1853 2651 innocentem
1930 2586 1994 2649 et
2071 2585 2248 2667 quasi
2316 2583 2585 2667 quodam

365 2692 592 2767 furore,
641 2692 732 2756 sic
763 2690 1132 2756 crudelitate
1164 2691 1416 2773 raptati,
1459 2710 1673 2755 muros
1704 2690 1987 2773 hospitae
2017 2690 2191 2753 urbis
2224 2687 2584 2753 euerterint.

451 2796 633 2861 Unde
667 2794 948 2878 sequitur
979 2798 1044 2859 et
1076 2794 1229 2859 dicit
1274 2796 1628 2858 maledictus
1658 2794 1852 2873 furor
1895 2815 2119 2869 eorum,
2161 2798 2303 2875 quia
2329 2811 2584 2875 procax,

365 2906 422 2965 et
456 2906 556 2963 ira
599 2922 836 2976 eorum,
887 2905 1028 2982 quia
1073 2901 1262 2962 dura:
1336 2900 1611 2961 diuidam
1656 2920 1753 2961 eos
1772 2902 1857 2965 ,in
1904 2899 2075 2959 Iacob
2133 2902 2189 2958 et
2242 2897 2583 2979 disperyam

365 3026 462 3068 eos
504 3008 568 3066 in
603 3005 856 3066 Israhel.
968 3003 1128 3066 Leui
1179 3003 1346 3066 enim
1404 3000 1820 3066 hereditatem
1875 2999 2191 3081 propriam
2244 3015 2369 3061 non
2407 3014 2585 3060 acce-

261 3124 332 3178 25
367 3108 488 3189 pit,
549 3106 658 3171 sed
712 3106 780 3169 in
833 3107 1120 3171 omnibus
1167 3106 1430 3187 sceptris
1503 3123 1738 3186 paucas
1787 3104 1973 3167 urbes
2034 3102 2115 3167 ad
2170 3100 2587 3167 habitandum

363 3210 617 3275 habuit:
666 3210 742 3273 de
767 3209 1038 3293 Symeon
1085 3228 1233 3274 uero
1279 3210 1344 3273 in
1389 3208 1552 3273 libro
1575 3209 1776 3272 Hiesu
1820 3207 2125 3288 scriptum
2172 3207 2270 3269 est
2310 3204 2475 3289 quod
2522 3205 2587 3268 et

367 3316 498 3397 ipse
539 3314 861 3397 proprium
904 3313 1255 3378 funiculum
1292 3333 1418 3377 non
1457 3313 1649 3377 fuerit
1688 3313 2058 3375 consecutus
2076 3360 2091 3387 ‚
2140 3309 2250 3373 sed
2298 3308 2373 3373 de
2416 3308 2585 3372 tribu

367 3418 525 3482 Iuda
573 3416 864 3499 quiddam
909 3418 1250 3499 acceperit,
1289 3417 1354 3481 in
1397 3416 1891 3497 Paralipomenis
1937 3417 2149 3479 autem
2188 3411 2584 3476 manifestius

369 3520 664 3585 scribitur
693 3519 878 3602 quod,
911 3540 1054 3585 cum
1099 3520 1556 3602 multiplicatus
1600 3518 1827 3583 fuisset
1858 3518 1923 3581 et
1966 3534 2091 3580 non
2135 3516 2396 3579 haberet
2440 3532 2585 3598 pos-

265 3650 336 3704 30
374 3624 670 3691 sessionis
728 3624 931 3689 locum
951 3674 966 3701 ‚
1044 3625 1266 3689 exierit
1330 3625 1396 3689 in
1466 3623 1797 3687 desertum.
1908 3619 2159 3702 quidam
2223 3618 2585 3702 prophetice

319 3748 328 3757 ·
365 3728 732 3795 interfectos
806 3728 1088 3793 homines
1164 3726 1480 3812 apostolos
1551 3728 1617 3793 et
1690 3725 2143 3790 subneruatum
2216 3724 2469 3787 taurum
2548 3741 2586 3787 a

368 3832 723 3897 Pharisaeis
766 3831 1084 3898 Christum
1124 3832 1637 3917 interpretantur.

544 3938 729 4015 Iuda,
783 3942 838 4000 te
879 3938 1208 4001 laudabunt
1232 3937 1472 4016 fraires
1511 3939 1621 3998 tui.
1713 3932 1861 4015 quia
1898 3930 2063 3995 Iuda.
2100 3928 2407 3994 confessio
2452 3928 2585 3994 siue

368 4042 508 4109 laus
567 4041 1020 4123 interpretatur
1037 4090 1052 4118 ‚
1123 4041 1574 4122 consequenter
1638 4036 1935 4101 scribitur
1978 4036 2133 4099 Iuda
2189 4036 2305 4097 tibi
2360 4032 2588 4115 confite-

369 4260 438 4315 33
477 4189 544 4309 GS
581 4191 691 4313 Ggg
725 4189 808 4312 489,
847 4190 879 4243 5
913 4190 947 4243 6
977 4190 985 4257 1
1017 4188 1086 4243 22
1123 4190 1233 4240 Gen
1267 4187 1355 4253 49,
1392 4189 1423 4241 7
1456 4187 1464 4253 Ι
1496 4186 1565 4241 26
1601 4186 1751 4237 Iosue
1794 4183 1877 4249 19,
1917 4185 1946 4237 1
1979 4184 1986 4252 Ι
2019 4180 2089 4237 28
2127 4182 2283 4233 Paral
2320 4200 2354 4232 α
2389 4182 2425 4235 4
2466 4178 2537 4235 42
2573 4178 2580 4250 Ι

525 4275 584 4310 en
692 4299 704 4322 ,

512 4372 1028 4447 16desoleturq2118
1063 4376 1250 4426 sichem
1287 4379 1337 4425 et
1373 4390 1512 4425 emor
1551 4370 1694 4444 ,8121
1732 4372 1924 4438 raptati
1954 4366 2146 4441 βφΙ27
2184 4375 2585 4441 consequutuscp

2076 4456 2111 4512 5
2138 4459 2161 4484 ψ
