3169 4941
2538 396 2605 451 31

315 576 345 631 1
383 576 457 625 ex
496 558 676 640 parte
719 574 942 625 sensus
981 556 1252 627 nominis
1297 558 1362 626 et
1405 574 1480 625 ex
1529 558 1709 641 parte
1762 557 1899 642 ipse
1960 558 2045 625 sit
2098 577 2321 628 sermo.
2424 564 2615 631 ammi

383 661 552 729 enim
574 710 589 739 ‚
636 680 674 727 a
720 680 842 743 quo
891 659 1044 727 dicti
1085 663 1232 731 sunt
1271 660 1711 740 Ammanitae‚
1754 664 2019 731 uocatur
2058 662 2327 747 populus
2364 682 2560 730 meus,

554 767 792 829 Etenim
837 788 978 829 uere
1027 787 1202 831 soror
1238 786 1374 831 mea
1415 772 1504 831 est
1557 767 1629 830 de
1659 772 1842 851 patre
1858 816 1876 847 ‚
1931 768 2035 832 sed
2088 790 2203 833 non
2263 790 2342 833 ex
2401 774 2609 836 matre.

379 866 446 935 id
487 870 584 933 est
627 868 846 935 fratris
892 868 1026 934 eius
1069 872 1167 935 est
1213 868 1390 937 Aran
1433 869 1599 948 filia,
1660 889 1785 937 non
1827 870 2076 937 sororis,
2164 872 2273 935 sed
2334 872 2479 955 quia
2541 872 2610 942 in

309 980 346 1035 5
379 970 647 1039 hebraeo
691 973 885 1039 habet
931 996 1072 1039 uere
1111 996 1284 1039 soror
1327 996 1458 1039 mea
1489 980 1592 1052 eet,
1630 975 1772 1055 filia
1804 979 2013 1059 patris
2050 979 2175 1039 mei
2216 981 2271 1039 et
2318 998 2431 1039 non
2459 977 2610 1057 filia

379 1080 594 1142 mairie
634 1098 798 1139 meae
857 1077 921 1141 et
964 1077 1168 1161 magis
1227 1078 1411 1145 sonat
1467 1075 1636 1161 quod
1698 1095 1872 1147 soror
1914 1075 2209 1144 Abrahae
2270 1078 2490 1156 fuerit,
2539 1080 2607 1153 in

381 1180 844 1247 excusationem
888 1181 1022 1247 eius
1055 1180 1322 1247 dicimus
1362 1177 1635 1248 necdum
1678 1180 1791 1245 illo
1832 1182 2116 1264 tempore
2146 1180 2310 1247 tales
2352 1184 2606 1265 nuptias

385 1281 551 1367 lege·
573 1284 938 1367 prohibitas.

552 1392 637 1455 Et
713 1391 871 1455 uidit
943 1390 1098 1455 Sara
1157 1391 1374 1471 filium
1441 1390 1619 1474 Ayar
1701 1396 2011 1474 aeyyptiae
2025 1438 2043 1469 ,
2131 1412 2302 1473 quem
2372 1398 2606 1476 pepem't

276 1501 346 1557 10
377 1492 691 1571 Abrahae,
747 1495 1061 1559 ludentem.
1151 1494 1316 1577 quod
1363 1493 1649 1577 sequitur
1690 1516 1826 1561 cum
1866 1497 2040 1559 Isaac
2068 1494 2213 1576 filio
2257 1516 2395 1573 sue,
2480 1515 2605 1567 nou

377 1596 571 1664 habet
613 1598 681 1665 in
712 1596 1004 1663 hebraeo.
1092 1597 1426 1680 dupliciter
1467 1598 1681 1682 itaque
1728 1599 1846 1663 hoe
1892 1599 1971 1666 ab
2000 1598 2307 1663 Hebraeis
2350 1600 2604 1684 exponi-

377 1702 486 1765 tur
530 1738 613 1750 -—-
649 1700 784 1767 siue
832 1702 994 1786 quod
1036 1700 1208 1768 idola
1258 1701 1408 1769 ludo
1455 1702 1703 1779 feeerit,
1754 1702 1931 1771 iuxta
1980 1701 2165 1780 illud,
2241 1702 2407 1785 quod
2452 1703 2605 1773 alibi

379 1805 683 1889 scripssum
731 1806 830 1871 est
875 1806 1028 1871 sedit
1056 1808 1326 1890 populus
1350 1808 1713 1874 manducare
1742 1812 1799 1870 et
1840 1810 2039 1872 bibere
2055 1858 2070 1884 ,
2114 1812 2171 1874 et
2210 1812 2606 1881 Sur-rexerunt

377 1909 584 1975 ludere
619 1946 707 1957 -—-
739 1908 873 1977 siue
922 1907 1087 1992 quod
1141 1910 1480 1979 aduersum
1522 1910 1703 1978 Isaac
1720 1959 1735 1989 ‚
1813 1912 1991 1995 quasi
2048 1910 2306 1977 maioris
2354 1911 2600 1991 aetati&

274 2024 342 2079 15
375 2013 512 2077 ioco
555 2012 677 2077 sibi
719 2014 785 2077 et
822 2012 972 2078 ludo
1011 2014 1434 2098 primogenita
1477 2014 1863 2084 nendicaret.
1950 2014 2117 2097 quod
2162 2013 2413 2097 quidem
2448 2014 2601 2086 Sara

376 2115 634 2183 audiens
694 2136 820 2183 non
864 2116 1047 2185 tulit:
1105 2120 1172 2185 et
1213 2118 1336 2183 hoc
1383 2136 1456 2185 ex
1503 2118 1701 2203 ipsius
1743 2120 2126 2203 approbatur
2172 2138 2455 2190 sermone
2504 2119 2601 2185 di-

375 2220 574 2285 centis
647 2226 768 2285 eice
842 2225 1126 2289 mucellam
1181 2226 1332 2290 hano
1402 2245 1538 2289 oum
1577 2224 1727 2304 filio
1782 2246 1908 2292 εαο.
2024 2246 2141 2295 non
2205 2229 2360 2287 enim
2432 2227 2603 2294 herc-5

371 2328 489 2387 erit
511 2324 698 2405 filius
741 2328 999 2389 ancillae
1040 2348 1176 2390 cum
1201 2328 1348 2408 filio
1392 2348 1520 2391 meo
1565 2330 1755 2394 Isaac.

546 2431 630 2494 Et
677 2435 932 2516 sumpsit
968 2452 1160 2516 panes
1201 2436 1261 2500 et
1313 2437 1507 2499 utrem
1565 2453 1755 2516 aquae
1806 2437 1865 2496 et
1918 2432 2083 2498 dedit
2124 2432 2301 2516 Ayar
2312 2481 2329 2512 ,
2373 2454 2601 2516 ponens

261 2549 334 2604 20
369 2554 550 2618 super
607 2556 886 2600 umerum
942 2539 1074 2600 eius
1131 2541 1188 2602 et
1240 2538 1580 2620 paruulum
1596 2586 1614 2615 ‚
1702 2541 1759 2626 <gt
1818 2537 2053 2601 dimisit
2102 2558 2251 2606 eam.
2350 2535 2595 2619 quando

370 2637 553 2703 Isaac
595 2640 781 2704 natus
827 2640 926 2704 est
941 2688 956 2717 ‚
998 2639 1155 2706 XIII
1197 2659 1502 2707 annorum
1555 2641 1694 2707 erat
1736 2638 2031 2712 Ismahel.
2122 2643 2187 2709 et
2230 2643 2375 2723 post
2418 2641 2594 2709 abla-

373 2741 710 2806 ctationem
756 2741 890 2808 eius
943 2743 1064 2810 iste
1111 2763 1256 2810 eum
1311 2745 1516 2811 matre
1563 2741 1896 2828 expellitur
1943 2743 2147 2810 domo.
2252 2745 2417 2810 inter
2462 2746 2595 2810 He-

368 2843 591 2910 braeos
675 2847 890 2912 autem
962 2847 1142 2912 uaria
1201 2847 1408 2932 opinio
1467 2849 1595 2925 eet,
1686 2847 2107 2917 asserentibus
2177 2848 2317 2914 aliis
2378 2849 2592 2932 quinio

371 2967 531 3014 anno
559 2948 996 3018 ablactabionis
1042 2953 1292 3035 tempus
1337 2953 1651 3022 sta-tutum
1684 2953 1748 3017 et
1778 2951 1919 3018 aliis
1945 2951 2070 3018 XII
2098 2972 2333 3022 annum
2371 2953 2593 3018 uendi-

262 3053 332 3112 25
369 3053 675 3120 cantibus.
775 3073 890 3121 nos
935 3054 1162 3138 igitur,
1207 3058 1282 3121 ut
1324 3056 1682 3125 breuiorem
1728 3055 2043 3141 eligamus
2088 3058 2363 3127 aetat-em
2379 3107 2394 3136 ‚
2448 3062 2595 3143 post

368 3155 586 3222 XVIII
645 3177 840 3223 annos
904 3159 1180 3224 Ismahel
1225 3161 1706 3244 suppubauimus
1756 3160 2027 3226 eiectum
2072 3179 2207 3227 esse
2254 3181 2400 3233 cum
2454 3183 2592 3230 ma·-

365 3261 498 3339 tre,
556 3263 620 3327 et
664 3281 790 3326 nou
835 3264 1170 3330 conuenire
1214 3263 1346 3332 iam
1393 3263 1775 3332 adolescenti
1833 3264 2057 3336 matris
2104 3263 2341 3335 sedisse
2384 3268 2590 3332 cerui-

341 3363 561 3430 cibus.
653 3384 890 3432 uerum
937 3369 1037 3432 est
1093 3368 1292 3453 igitur
1348 3367 1508 3435 fflud
1549 3369 1988 3438 Hebraeorum
2042 3368 2293 3452 linguae
2354 3370 2613 3444 idioma

368 3470 536 3552 quod
580 3469 782 3536 omnis
827 3471 996 3536 filius
1039 3471 1120 3536 ad
1163 3472 1698 3556 comparationem
1747 3473 2081 3556 parentum
2134 3472 2341 3542 infans
2397 3491 2587 3540 uoce-

255 3575 328 3632 30
362 3573 468 3638 tur
535 3577 600 3640 et
659 3575 977 3659 paruulus.
1085 3595 1202 3642 nee
1254 3577 1557 3645 miremur
1611 3575 1844 3645 habere
1904 3574 2239 3644 barbaram
2302 3575 2589 3660 linguam

501 3723 536 3776 3
579 3723 690 3773 Gen
723 3720 810 3787 20,
853 3723 922 3778 12
969 3724 979 3792 Ι
1029 3725 1062 3778 9
1099 3725 1210 3776 Gen
1247 3723 1334 3788 21,
1373 3725 1406 3778 9
1455 3724 1465 3792 Ι
1515 3725 1582 3778 13
1618 3723 1769 3776 Exod
1804 3723 1890 3789 32,
1928 3723 1965 3778 6
2011 3723 2020 3790 Ι
2070 3723 2137 3778 17
2174 3725 2285 3775 Gen
2318 3725 2403 3788 21,
2440 3725 2507 3780 10
2546 3725 2555 3793 Ι

363 3807 430 3862 19
467 3807 578 3862 Gen
613 3807 701 3874 21,
736 3809 807 3863 14

502 3912 533 3967 1
570 3916 621 3962 et
657 3917 725 3968 >
761 3929 805 3980 φ
833 3909 845 3978 Ι
878 3911 907 3963 1
952 3911 1160 3964 ammini
1193 3915 1269 3979 βγ
1299 3909 1310 3978 Ι
1341 3911 1375 3968 2
1409 3911 1713 3962 ammanitae
1755 3929 1871 3982 γφ,
1910 3911 2184 3975 ammonite
2206 3915 2241 3978 β
2272 3909 2282 3978 Ι
2312 3909 2345 3962 3
2384 3925 2444 3960 ex
2479 3925 2584 3961 ma-

356 3999 545 4064 tressy,
583 3995 644 4046 de
682 4000 844 4047 matre
883 4001 928 4067 ’φ
960 3996 969 4062 Ι
999 3997 1035 4050 4
1069 3995 1178 4047 eius
1218 4003 1285 4054 >
1323 4013 1368 4066 φ
1399 3993 1410 4065 Ι
1438 3996 1475 4051 4
1509 4012 1661 4052 arran
1695 4014 1740 4067 φ
1772 3995 1781 4064 Ι
1814 3996 1845 4052 5
1888 4001 1939 4048 et
1972 4001 2059 4065 βγ,
2098 3995 2185 4048 sed
2220 4015 2266 4067 φ
2296 3993 2305 4064 Ι
2338 3995 2370 4048 Ἰ
2409 4011 2584 4047 excus-

358 4081 604 4132 sationem
625 4101 669 4152 φ
699 4081 709 4148 Ι
743 4083 808 4138 11
847 4085 946 4133 hoc
965 4089 1032 4140 >
1053 4101 1096 4151 φ
1128 4081 1137 4148 Ι
1171 4081 1239 4135 12
1281 4081 1404 4132 ludo
1423 4097 1474 4146 ς,
1511 4081 1623 4133 luto
1658 4087 1777 4152 βγφ
1808 4081 1817 4150 Ι
1850 4082 1918 4137 13
1959 4083 2260 4134 manducare
2286 4087 2375 4149 βγ,
2418 4098 2583 4133 come-

355 4167 472 4220 dere
509 4185 554 4237 φ
585 4167 594 4234 Ι
627 4168 694 4223 15
728 4169 1022 4223 uendiearet
1058 4174 1152 4237 βγ,
1189 4169 1463 4226 uindicarit
1497 4188 1543 4238 φ
1573 4169 1586 4236 Ι
1618 4169 1779 4236 17118
1814 4170 1913 4224 erit
1945 4172 2091 4224 heres
2120 4190 2167 4241 φ
2198 4168 2208 4238 Ι
2238 4169 2307 4228 21
2342 4169 2585 4220 tredecim

353 4271 400 4323 φ
441 4257 452 4321 Ι
493 4251 654 4321 24125
689 4254 1032 4308 uidicantibue
1066 4259 1164 4325 ‹1¹²›
1202 4253 1578 4308 uindicantibus
1615 4256 1691 4326 φ’
1732 4255 1741 4324 Ι
1778 4253 1853 4312 25
1888 4255 2141 4323 elegamua
2178 4273 2223 4326 φ
2264 4252 2273 4324 Ι
2315 4253 2387 4316 26
2422 4255 2584 4312 decim

354 4343 406 4390 et
445 4344 560 4391 octo
596 4359 642 4411 φ
672 4340 682 4409 Ι
713 4339 782 4396 27
818 4341 1190 4405 adulescentem
1225 4359 1272 4413 φ
