3169 4941
529 459 633 514 136
1398 457 1626 512 Genesis
1664 460 1752 514 33.
1788 459 1876 513 34.

526 616 640 686 τὸν
679 614 899 704 κύριόν
939 641 1065 701 μου
1108 612 1203 696 εἷς
1239 613 1448 705 Σηείρ.
1531 620 1591 660 1⁶
1601 610 1751 684 εἶπε
1792 617 1866 684 δὲ
1905 610 2112 686 Ἠσαῦ
2146 613 2553 705 Καταλείψω
2585 613 2750 699 μετὰ
2792 637 2819 682 1

530 725 649 787 σοῢ
694 713 833 787 ἀπὸ
877 724 992 787 τοῦ
1028 721 1187 786 λαοῦ
1229 726 1346 787 τοῦ
1381 713 1516 804 μετ’
1558 719 1732 806 ἐμοῦ.
1808 718 1844 788 ὃ
1886 720 1959 788 δὲ
2004 713 2190 788 εἶπεν
2230 719 2364 786 Ἵνα
2421 715 2493 785 τί
2525 723 2755 800 τοῦτο,

531 820 755 891 ἱκανὸν
812 819 915 890 ὅτι
979 815 1161 912 εὗρον
1216 817 1397 912 χάριν
1447 821 1739 890 ἐναντίον
1796 847 1945 906 σου,
2008 820 2197 912 κύριε.
2297 827 2356 866 ¹⁶
2373 815 2756 910 ἀπέστρεψε

531 926 605 994 δὲ
642 919 851 994 Ἠσαῦ
894 924 962 992 ἐν
1005 931 1092 1049 τῇ3
1127 925 1330 1016 ἡμέρᾳ
1383 925 1595 1018 ἐκείνῃ
1654 924 1749 1007 εἷς
1801 927 1916 1016 τὴν
1962 925 2116 996 ὁδὸν
2162 920 2361 994 αὐτοῦ
2408 923 2504 1006 εἰς
2544 923 2754 1015 Σηείρ.

540 1031 723 1098 ιἾκοιιῖ
778 1023 1011 1116 Ἰακώβ
1050 1022 1324 1118 απαίρει
1366 1027 1462 1110 εἰς
1494 1025 1772 1120 Σκηνὰς·
1848 1029 1960 1097 καὶ
2018 1027 2394 1120 ἐποίησεν
2368 1037 2576 1117 εαυτῷ
2620 1028 2759 1096 ἐκεῖ
2789 1051 2821 1098 5

530 1131 744 1213 οἰκίας
755 1185 772 1217 ,
835 1133 947 1201 καὶ
991 1137 1133 1212 τοῖς
1177 1129 1468 1222 κτήνεσιν
1509 1126 1706 1200 αὐτοῦ
1750 1131 2023 1223 ἐποίησε
2064 1128 2338 1223 σκηνάς·
2408 1131 2519 1199 διὰ
2565 1139 2757 1199 τοῦτο

531 1236 796 1306 ἐκάλεσε
843 1236 921 1304 τὸ
979 1233 1181 1321 όνομα
1234 1241 1352 1302 τοῦ
1406 1232 1621 1304 τόπου
1676 1235 1919 1304 ἐκείνου
1962 1235 2221 1326 Σκηναί.
2320 1236 2502 1304 18καὶ
2552 1229 2758 1324 ἦλθεν

525 1333 756 1425 Ἰακὼβ
818 1337 913 1419 εἰς
949 1339 1170 1428 Σαλὴμ
1229 1335 1430 1407 πόλιν
1480 1339 1811 1428 Σηκίμων,
1882 1339 1924 1430 ἥ
1972 1339 2152 1408 ἐστιν
2212 1340 2278 1408 ἓν
2329 1345 2409 1430 γῇ
2466 1337 2755 1420 Χαναοίν,

531 1443 641 1512 ὅτε
682 1443 1054 1533 ἐπανῆλθεν
1091 1442 1165 1510 ἐκ
1204 1450 1319 1532 τῆς
1347 1433 1964 1528 Μεσοποταμίας
1886 1442 2166 1572 avqt'oeg·
2210 1443 2321 1512 καὶ
2351 1444 2758 1530 παρενέβαλε

531 1546 701 1615 κατὰ
738 1546 1102 1636 πρόσωπον
1145 1550 1260 1636 τῆς
1303 1541 1575 1626 πόλεως.
1652 1546 1834 1614 19καὶ
1880 1545 2195 1638 εκτήσατο
2224 1546 2337 1637 τὴν
2373 1546 2608 1636 μερίδα
2643 1550 2761 1614 τοῦ
2798 1559 2863 1604 10

531 1645 753 1740 ἀγροῦ,
797 1643 874 1718 οὗ
917 1647 1180 1740 ε’στησεν
1222 1650 1357 1718 ἐκεῖ
1399 1651 1514 1740 τὴν
1557 1649 1788 1740 σκηνὴν
1835 1649 2059 1734 αὐτοῦ,
2119 1650 2302 1740 παρὰ
2340 1643 2591 1740 Ἐμμώρ
2621 1673 2759 1717 πα-

534 1755 688 1844 τρὸς
727 1753 934 1839 Συχὲμ
976 1751 1204 1823 ἑκατὸν
1247 1747 1489 1840 ἆμνῶν.
1588 1755 1763 1821 20καὶ
1805 1752 2068 1843 ἔστησεν
2112 1755 2251 1823 ἐκεῖ
2289 1749 2759 1843 θυσιαστήριον

411 1862 506 1932 34
536 1858 646 1927 καὶ
707 1857 1152 1926 ἐπεκαλέσατο
1213 1860 1325 1925 τὸν
1394 1857 1559 1925 θεὸν
1618 1850 1887 1948 Ἰσραήλ.
1981 1863 2006 1901 ¹
2034 1858 2271 1949 ἐξῆλθε
2328 1859 2403 1926 δὲ
2458 1856 2663 1926 Δείνα
2719 1855 2760 1948 ἡ

533 1956 824 2052 θυγάτηρ
847 1959 1115 2044 “Λείας,
1156 1957 1232 2050 ἣν
1276 1959 1449 2030 ἔτεκε
1493 1962 1587 2048 τῷ
1622 1953 1850 2046 Ἰακώβ
1863 2014 1878 2045 ,
1938 1967 2348 2047 καταμαθεῖν
2391 1962 2511 2042 τὰς
2551 1967 2759 2047 θυγα-

532 2066 728 2154 τέρας
769 2071 901 2133 τῶν
949 2061 1285 2152 ἐγχωρίων.
1361 2063 1509 2131 ”mi
1551 2056 1722 2132 εἶδεν
1767 2061 1961 2154 αὐτὴν
1998 2066 2207 2150 Συχὲμ
2254 2063 2291 2132 ὃ
2326 2063 2468 2144 υἱὸς
2498 2057 2761 2153 Ἐμμώρ
2801 2083 2866 2131 15

533 2168 571 2238 ὁ
605 2161 882 2252 Εὖαῖος,
930 2165 967 2236 ὃ
1013 2165 1218 2256 ἅρχων
1258 2171 1371 2257 τῆς
1412 2170 1555 2256 γῆς·
1602 2167 1715 2235 καὶ
1762 2168 1979 2252 λαβὼν
2022 2161 2215 2258 αὐτὴν
2255 2164 2579 2258 ἐκοιμήθη
2622 2175 2766 2252 μετ’

533 2265 764 2363 αὖτῆς,
840 2270 955 2340 καὶ
1027 2269 1464 2339 ἐταπείνωσεν
1528 2264 1742 2361 αὐτήν.
1838 2275 1865 2313 ⁸
1897 2271 2006 2339 καὶ
2069 2272 2393 2361 προσέσχε
2462 2279 2541 2362 τῇ
2590 2277 2770 2361 ψυχῇ

534 2373 779 2456 Δείνας
830 2380 948 2465 τῆς
999 2375 1325 2464 θυγατρὸς
1374 2365 1639 2460 Ἰακώβ,
1710 2375 1820 2442 καὶ
1875 2367 2171 2464 ἠγάπησε
2228 2375 2338 2464 τὴν
2398 2374 2764 2462 παρθένον,

535 2480 650 2549 καὶ
705 2476 978 2569 ἐλάλησε
1030 2479 1194 2546 κατὰ
1245 2478 1362 2567 τὴν
1401 2474 1690 2546 διάνοιαν
1747 2486 1862 2567 τῆς
1908 2478 2245 2567 παρθένου
2300 2472 2479 2569 αὐτῇ.
2570 2483 2599 2522 4
2614 2472 2766 2546 εἶπε

533 2584 743 2668 Συχὲμ
785 2584 956 2672 πρὸς
991 2575 1247 2670 Ἐμμώρ
1292 2582 1406 2649 τὸν
1448 2581 1708 2670 πατέρα
1756 2580 1953 2649 αὐτοῦ
2007 2582 2208 2670 λέγων
2247 2582 2447 2668 Λάβε
2489 2607 2606 2668 μοι
2648 2582 2767 2672 τὴν
2802 2588 2873 2635 20

682 2736 708 2789 1
749 2750 893 2810 σιειρ
928 2751 984 2787 m
1023 2734 1140 2803 [sed.
1176 2757 1197 2787 ι
1234 2734 1384 2804 prius
1419 2736 1477 2787 in
1509 2735 1715 2803 rasura]
1752 2737 1807 2787 tz
1848 2736 1857 2804 Ι
1900 2734 1926 2787 1
1966 2751 2126 2787 ειπεν
2160 2732 2369 2788 AEGt1
2412 2739 2421 2800 Ι
2473 2734 2503 2786 1
2540 2736 2667 2803 post
2702 2733 2766 2787 δε

540 2827 602 2889 -Ι-
642 2841 788 2876 αυτω
822 2839 850 2873 z
882 2821 892 2892 Ι
926 2820 953 2874 1
993 2823 1286 2889 καταλιψω
1322 2820 1374 2873 D
1409 2820 1680 2890 [superest
1717 2820 1956 2890 ταλιψω]
1990 2821 1999 2889 Ι
2030 2818 2065 2871 2
2102 2837 2226 2873 ειπε
2264 2836 2294 2875 o
2324 2821 2333 2889 Ι
2362 2821 2397 2875 3
2438 2838 2642 2892 ευρηκα
2667 2819 2711 2873 Ε
2754 2820 2762 2886 Ι

535 2912 570 2965 3
609 2918 957 2981 απεστρεψεν
995 2904 1201 2961 AEGt¹
1267 2905 1276 2975 Ι
1341 2906 1378 2960 4
1409 2920 1556 2972 ησαυ
1595 2916 1662 2965 >
1699 2904 1748 2959 G
1814 2908 1821 2976 Ι
1887 2908 1924 2960 4
1970 2909 2095 2975 post
2152 2923 2331 2981 εκεινῃ
2369 2909 2433 2975 -Ι-
2472 2920 2615 2973 ησαυ
2653 2905 2703 2959 G
2755 2906 2763 2976 Ι

536 2995 573 3050 4
609 3012 689 3055 εις
725 3011 827 3059 την
861 2993 998 3046 οδον
1033 3010 1200 3045 αυτου
1239 3001 1306 3051 >
1344 3008 1399 3045 m
1439 2990 1623 3060 [habet
1656 2993 1701 3061 t]
1737 2992 1745 3062 Ι
1776 2994 1812 3046 4
1854 3007 1999 3068 σιειρ
2034 2994 2144 3046 mtz
2188 2996 2197 3057 Ι
2240 2993 2272 3046 5
2312 3011 2485 3046 εαυτω
2522 2991 2765 3058 EGabcz,

537 3099 686 3133 αυτω
725 3077 856 3131 Amt
908 3080 918 3148 Ι
971 3078 1004 3130 5
1041 3094 1151 3130 εκει
1187 3088 1254 3137 >
1292 3079 1341 3132 D
1370 3077 1623 3147 [63](5Π11ἱ
1676 3080 1685 3149 Ι
1740 3080 1773 3133 6
1810 3094 2075 3145 εποιησεν
2108 3076 2317 3132 AEth
2370 3078 2380 3146 Ι
2435 3079 2465 3132 7
2506 3082 2768 3133 εκαλεσεν

534 3163 706 3219 AEGt
723 3170 772 3228 ¹,
809 3166 1003 3218 εκαλεν
1033 3164 1082 3217 D
1127 3163 1245 3238 [sic]
1310 3164 1320 3233 Ι
1385 3165 1417 3219 7
1455 3167 1582 3218 ante
1634 3182 1852 3219 εκεινου
1902 3167 2166 3219 corrector
2213 3164 2433 3234 quintus
2467 3163 2516 3218 G
2553 3164 2769 3220 obelum

537 3249 809 3306 addidisse
845 3248 1060 3304 uidetur
1113 3251 1122 3317 Ι
1175 3252 1212 3305 8
1249 3252 1450 3322 σαλειμ
1484 3267 1513 3303 z
1567 3252 1576 3319 Ι
1632 3250 1666 3303 8
1706 3253 1832 3304 ante
1879 3254 2047 3304 πολιν
2092 3251 2157 3314 -Ι-
2195 3269 2296 3318 την
2330 3251 2400 3316 Ε,
2464 3253 2528 3318 -Ι-
2566 3269 2645 3310 εις
2684 3268 2713 3303 z
2754 3250 2763 3320 Ι

535 3340 571 3395 8
606 3351 852 3409 σικιμων
887 3335 987 3389 AD
1027 3335 1144 3405 [GR]
1182 3333 1368 3401 EGat,
1429 3350 1689 3406 σηκημων
1725 3352 1784 3400 c,
1840 3351 2091 3407 σικημων
2135 3355 2162 3390 z
2228 3338 2238 3407 Ι
2302 3337 2337 3390 8
2384 3337 2483 3409 γῃ]
2533 3356 2599 3403 τη
2636 3336 2683 3390 Ε
2754 3337 2762 3407 Ι

533 3424 568 3477 9
606 3423 924 3489 επανηλθεν
957 3420 1054 3485 ab,
1089 3423 1264 3488 ηλθεν
1286 3421 1385 3474 ΑΒ
1414 3421 1530 3491 [GR]
1556 3420 1827 3491 EGomtyz
1859 3422 1866 3490 Ι
1899 3424 1933 3477 9
1969 3442 2062 3488 της
2095 3425 2219 3477 ante
2257 3437 2455 3498 συριας
2488 3422 2645 3491 ponit
2678 3440 2709 3477 z
2752 3425 2761 3489 Ι

535 3511 569 3565 9
593 3510 967 3583 παρενεβαλεν
990 3508 1089 3561 ΑΒ
1119 3507 1228 3577 [Gn]
1256 3506 1463 3571 EGct1‚
1497 3512 1836 3583 παρενελαβε
1861 3508 1895 3562 b
1917 3508 2039 3578 [sie]
2073 3510 2081 3578 Ι
2115 3509 2179 3562 11
2207 3529 2374 3562 amon
2402 3518 2469 3567 >
2493 3512 2598 3573 mt,
2640 3528 2767 3563 εαυ-

535 3615 638 3649 του
656 3592 726 3665 (ΞΙ
749 3594 811 3649 11
852 3613 972 3667 παρ
997 3596 1052 3664 ΖΙ
1073 3597 1138 3649 11
1158 3612 1308 3669 εμωρ
1329 3611 1358 3649 ο
1374 3635 1387 3649 .
1411 3603 1641 3648 m⁰⁰¹¹²¹¹¹2
1670 3610 1867 3665 σικιμα
1894 3612 2188 3665 ομοιωσις.
2222 3600 2413 3665 Συχεμ
2434 3612 2571 3667 οπερ
2590 3612 2766 3669 ερμη-

534 3698 753 3735 νευεται
794 3698 944 3751 ωμος
977 3678 1012 3748 ἢ
1047 3700 1220 3753 ωμων
1250 3682 1285 3749 ἢ
1321 3702 1472 3754 ωμια
1507 3681 1541 3748 ἢ
1577 3697 1787 3750 σικημα
1824 3679 1858 3747 ἢ
1895 3687 2031 3751 ωμί.
2070 3696 2138 3734 συ
2172 3678 2359 3750 σχχόθ
2390 3684 2398 3745 Ι
2433 3680 2499 3732 12
2522 3699 2553 3751 ρ
2579 3699 2767 3750 αμνα-

537 3767 652 3821 δων
689 3765 755 3831 G,
783 3774 924 3826 >m
953 3768 964 3835 Ι
997 3766 1064 3821 13
1101 3770 1334 3833 εξηλθεν
1367 3767 1576 3823 AEGt1
1618 3769 1629 3836 Ι
1675 3769 1741 3821 13
1777 3768 1907 3820 δῖνα
1945 3783 1975 3820 ο
2005 3768 2013 3835 Ι
2046 3767 2113 3822 14
2148 3769 2268 3825 λιας
2301 3766 2375 3819 Ez
2420 3767 2429 3835 Ι
2481 3768 2547 3822 14
2583 3784 2767 3820 ετεκεν

537 3852 737 3910 AEGot
767 3854 776 3923 Ι
809 3853 876 3909 14
911 3872 989 3922 τῳ
1027 3862 1094 3911 >
1133 3856 1162 3906 t
1189 3855 1198 3920 Ι
1233 3852 1300 3907 14
1334 3860 1663 3926 καταμαθιν
1696 3854 1741 3907 Α
1776 3853 1783 3920 Ι
1818 3853 1885 3908 15
1923 3871 2199 3927 ενχωριων
2220 3852 2313 3905 ΑΕ
2346 3854 2355 3920 Ι
2389 3853 2454 3908 15
2480 3853 2605 3906 ιδεν
2627 3851 2721 3906 ΑΕ
2752 3851 2761 3921 Ι

541 3941 608 3997 15
646 3962 676 3993 ο
703 3951 771 4000 >
796 3956 825 3994 ο
853 3942 864 4007 Ι
897 3939 966 3995 16
1001 3956 1185 3997 ευαιος
1220 3938 1312 4004 bc,
1357 3959 1621 4013 χορραιος
1654 3940 1753 3993 AD
1794 3939 1909 4009 [GR]
1935 3938 2119 3993 EGam
2160 3938 2269 4007 [hio
2304 3939 2520 4008 quidem
2541 3938 2767 3993 ultimas

537 4028 725 4083 literas
749 4026 808 4081 in
833 4041 1023 4081 rasura
1047 4025 1235 4097 habet]
1260 4028 1350 4096 ty,
1376 4045 1638 4095 χεπαιος
1656 4044 1683 4079 z
1702 4067 1715 4080 .
1752 4027 1809 4081 in
1834 4026 2214 4080 commentario
2240 4042 2295 4078 m
2320 4031 2535 4099 Εμμωρ
2560 4045 2591 4079 ο
2619 4044 2767 4097 χορ-

535 4132 710 4187 ραιος.
733 4112 788 4166 α’
817 4131 1011 4174 ευαιος
1033 4128 1232 4185 φησιν.
1262 4130 1455 4187 εμμωρ
1481 4114 1518 4166 δ
1523 4132 1548 4167 ε
1567 4130 1925 4186 ερμηνευεται
1954 4128 2145 4185 ορνεον
2170 4130 2230 4164 εκ
2257 4116 2502 4186 τρωγλης
2520 4110 2529 4181 Ι
2550 4111 2615 4165 17
2640 4115 2771 4180 post

537 4218 704 4266 αυτης
723 4200 789 4267 -Ι-
810 4218 904 4253 και
927 4216 1076 4254 ετεκε
1101 4215 1171 4269 ay
1201 4202 1211 4266 Ι
1245 4198 1309 4253 17
1333 4215 1643 4273 προσεσχεν
1661 4197 1864 4253 AEGt¹
1908 4200 1916 4267 Ι
1967 4198 2031 4251 18
2056 4198 2214 4255 δινας
2230 4212 2288 4250 oz
2328 4198 2337 4265 Ι
2383 4198 2449 4251 18
2470 4212 2766 4269 ηγαπησεν

535 4283 746 4340 AEth
776 4286 784 4353 Ι
817 4284 885 4339 19
910 4288 1173 4352 ελαλησεν
1193 4284 1400 4340 AEGt¹
1432 4286 1440 4354 Ι
1474 4286 1542 4340 19
1577 4304 1748 4352 αυτ-ην
1771 4284 1839 4349 Ε,
1880 4302 2045 4350 αυτης
2079 4300 2106 4335 z
2138 4282 2147 4349 Ι
2181 4284 2247 4337 19
2273 4300 2433 4336 ειπεν
2455 4281 2716 4338 ADEGt¹
2756 4283 2763 4353 Ι

535 4370 607 4425 20
629 4374 757 4425 ante
781 4386 963 4442 συχεμ
1004 4375 1067 4438 -Ι-
1110 4372 1173 4424 δε
1212 4370 1545 4425 ADEGcmtz
1600 4374 1611 4441 Ι
1676 4372 1746 4426 20
1780 4386 1969 4440 συχημ
1998 4369 2043 4422 Ε
2088 4370 2097 4437 Ι
2138 4369 2209 4423 20
2242 4370 2401 4444 προς]
2445 4390 2475 4423 ο
2514 4389 2630 4429 υιος
2665 4386 2699 4424 a
2756 4372 2765 4442 Ι

537 4457 608 4513 20
643 4476 856 4531 αμμωρ
891 4456 942 4515 G
971 4459 982 4528 Ι
1012 4457 1082 4513 20
1119 4458 1246 4529 post
1279 4476 1379 4512 τον
1414 4460 1479 4527 -Ι-
1517 4476 1668 4531 προς
1700 4473 1735 4513 a
1772 4457 1896 4528 [sio]
1930 4458 1941 4526 Ι
1969 4456 2040 4515 20
2074 4474 2254 4510 αυτων
2287 4472 2343 4511 m
2374 4457 2385 4525 Ι
2414 4456 2485 4511 20
2518 4471 2610 4509 σοι
2633 4456 2771 4513 m1?
