3169 4941
563 424 599 477 4

567 588 760 654 etiam
804 587 872 650 in
913 584 1218 671 principio
1251 584 1548 652 Iohannis
1597 584 2023 669 euangelistae
2069 584 2227 651 caeli
2268 586 2335 650 et
2384 586 2592 651 terrae
2638 604 2789 651 con·
2828 607 2863 661 1
2981 620 3003 642 .

567 691 733 757 ditor
777 690 1176 775 approbatur.
1277 689 1444 755 unde
1505 692 1571 754 et
1622 689 1691 753 in
1751 689 2053 772 psalterio
2112 689 2187 753 de
2246 708 2315 754 se
2378 689 2513 772 ipso
2578 689 2671 755 ait
2726 696 2794 753 in

563 798 826 881 capitulo
865 797 1022 859 libri
1065 799 1356 879 scriptum
1395 799 1484 858 est
1521 795 1595 857 de
1648 815 1774 871 me,
1835 792 1902 858 id
1955 794 2053 857 est
2110 793 2177 857 in
2229 792 2535 876 principio
2582 793 2791 859 Gene-

567 918 734 978 11666,
802 901 867 964 et
918 898 986 961 in
1045 896 1374 981 euangelio
1440 902 1640 961 omnia
1688 920 1799 981 per
1853 902 2051 981 tpsum
2096 898 2266 976 facta
2322 903 2491 977 sunt,
2552 903 2609 961 et
2664 903 2794 961 sine

564 1010 695 1089 ipso
720 1003 964 1084 factum
1011 1006 1098 1064 est
1150 1003 1323 1064 nihil.
1413 1000 1520 1065 sed
1569 1003 1635 1067 et
1685 1002 1805 1065 hoc
1866 1000 2191 1065 sciendum
2234 999 2400 1083 quod
2452 1000 2619 1084 apud
2656 1001 2791 1066 Hc·
2828 1021 2867 1074 5

566 1107 790 1173 bracos
831 1105 992 1171 liber
1035 1104 1140 1169 hic
1182 1108 1404 1168 bresith
1461 1104 1729 1169 uocatur
1745 1152 1760 1182 ,
1817 1105 1981 1169 hanc
2038 1103 2343 1169 habentes
2391 1102 2793 1171 consuetudi-

566 1228 739 1287 nem,
799 1211 873 1274 ut
919 1207 1347 1275 uoluminibus
1393 1226 1468 1271 ex
1510 1206 1835 1290 principiis
1878 1226 2097 1272 eorum
2152 1208 2408 1273 nomina
2470 1209 2792 1290 inponant.

741 1315 824 1376 Et
863 1316 1118 1396 spiritus
1158 1313 1260 1375 dei
1274 1312 1601 1393 ferebatur
1638 1333 1821 1396 super
1876 1333 2078 1395 aquae.
2180 1330 2293 1396 pro
2341 1329 2445 1389 e0,
2508 1311 2671 1394 quod
2724 1313 2795 1375 in

567 1416 802 1483 nostris
859 1414 1178 1479 codicibus
1239 1415 1544 1498 scriptum
1598 1415 1696 1479 est
1736 1415 2088 1496 ferebatur,
2144 1414 2212 1479 in
2270 1414 2540 1481 hebraeo
2600 1414 2796 1480 habet

565 1520 975 1599 marakaesetk
990 1569 1004 1598 ,
1081 1518 1246 1601 quod
1315 1536 1430 1583 nos
1501 1518 1817 1602 appellare
1878 1537 2212 1603 possumus
2254 1518 2596 1585 incubabat
2656 1518 2791 1584 siue
2826 1523 2903 1579 10

575 1622 983 1699 confouebat,
1039 1623 1106 1687 in
1152 1621 1631 1687 similitudinem
1676 1622 1954 1688 uolucris
2000 1643 2120 1689 oua
2182 1622 2389 1688 calore
2434 1622 2791 1689 animantis.

569 1747 644 1793 ex
687 1746 808 1811 quo
850 1726 1282 1810 intellegimus
1326 1745 1453 1790 non
1499 1726 1574 1791 de
1622 1727 1849 1810 spiritu
1890 1726 2110 1792 mundi
2152 1725 2303 1805 dici,
2347 1728 2421 1791 ut
2464 1745 2590 1792 non
2632 1727 2793 1792 nulli

569 1830 984 1907 arbitrantur,
1067 1828 1178 1894 sed
1239 1830 1314 1894 de
1370 1829 1597 1913 spiritu
1653 1832 1871 1896 sancto
1888 1880 1904 1908 ,
1968 1830 2075 1915 qui
2134 1831 2200 1895 et
2256 1830 2389 1913 ipse
2448 1832 2795 1914 uiuificator

568 1940 834 1999 omnium
895 1952 934 1998 a
990 1933 1295 2016 principio
1358 1932 1605 1998 dicitur.
1724 1933 1778 1997 si
1835 1937 2049 1999 autem
2108 1933 2461 2000 uiuificator
2478 1984 2493 2013 ‚
2570 1953 2792 2001 conse-

569 2041 836 2123 quenter
877 2038 943 2101 et
987 2036 1291 2101 conditor.
1361 2035 1528 2119 quod
1569 2037 1625 2102 si
1672 2037 1975 2117 conditor,
2022 2039 2085 2103 et
2131 2036 2317 2103 deus:
2364 2044 2596 2103 emittes
2636 2044 2794 2103 enim
2830 2032 2901 2087 15

569 2143 661 2209 ait
700 2146 986 2226 spiratum
1025 2147 1200 2205 tuum
1241 2146 1299 2204 et
1337 2145 1715 2206 creabuntur.

742 2248 825 2309 Et
901 2249 1381 2327 oonyreqationes
1436 2266 1735 2329 aquarum
1805 2250 2050 2309 uocauit
2120 2250 2335 2337 marjia.
2442 2244 2793 2312 notandum

571 2349 736 2435 quod
780 2348 982 2414 omnis
1027 2348 1433 2432 congregatio
1482 2367 1814 2431 aquarum,
1872 2349 2005 2413 siue
2052 2348 2255 2413 salsae
2302 2350 2428 2414 sint
2468 2349 2603 2414 siue
2646 2349 2791 2412 dul-

569 2475 704 2533 666,
790 2452 964 2519 iuxta
1041 2451 1278 2517 idioma
1343 2451 1601 2537 linguae
1677 2452 2007 2519 hebraicae
2062 2453 2263 2520 maria
2331 2455 2791 2536 nuncupentur.

566 2559 803 2624 frustra
843 2557 1040 2640 igitur
1071 2557 1456 2640 Porphyrius
1503 2557 1927 2641 euangelistae
1970 2557 2053 2632 ad
2094 2557 2450 2624 faciendum
2491 2559 2791 2642 ignor-an·
2828 2584 2903 2636 20

569 2663 740 2730 tibus
783 2660 1164 2739 miraculum
1218 2680 1290 2725 eo
1312 2710 1328 2741 ,
1379 2660 1545 2742 quod
1600 2660 1889 2727 dominus
1950 2680 2137 2744 super
2195 2681 2367 2728 mare
2424 2661 2791 2727 ambulaue-

569 2768 686 2846 rit,
731 2785 844 2849 pro
890 2765 1036 2829 lacu
1082 2764 1471 2830 Genesareth
1515 2785 1690 2830 mare
1736 2765 2087 2849 appellasse
2137 2765 2557 2831 calumniatur
2575 2815 2590 2845 ‚
2646 2784 2791 2830 cum

572 2870 772 2937 omnis
813 2868 991 2934 lacus
1037 2871 1102 2934 et
1140 2888 1446 2953 aquarum
1492 2869 1899 2953 congregatio
1944 2868 2146 2934 maria
2187 2872 2642 2952 nuncupentur.

741 2976 825 3037 Et
862 2977 1299 3044 consummauit
1352 2974 1500 3036 deus
1538 2978 1600 3035 in
1646 2974 1743 3036 die
1785 2979 1957 3036 secvta
2002 2995 2181 3057 opera
2226 2995 2337 3036 sua
2352 3023 2369 3051 ,
2420 2995 2571 3056 quae
2613 2972 2790 3053 fecit.

567 3097 682 3162 pro
727 3074 825 3140 dic
871 3077 1048 3140 sexta
1085 3075 1152 3139 in
1202 3075 1473 3140 hebraeo
1517 3075 1685 3140 diem
1741 3076 2077 3158 septimam
2132 3076 2341 3141 habet.
2443 3074 2789 3140 artabimus
2826 3107 2899 3161 25

569 3179 768 3264 igitur
817 3178 1111 3255 Iudaeos,
1180 3179 1286 3261 qui
1349 3179 1426 3246 de
1493 3180 1621 3243 otio
1680 3180 1927 3245 sabbati
1982 3178 2365 3263 gloriantur,
2437 3177 2601 3261 quod
2661 3179 2792 3243 iam

568 3289 723 3351 tunc
779 3283 847 3346 in
891 3280 1194 3365 principio
1241 3282 1576 3347 sabbatum
1635 3282 2009 3348 dissolutum
2068 3283 2181 3362 sit,
2240 3283 2391 3347 dum
2442 3281 2593 3348 deus
2641 3299 2791 3364 ope-

567 3391 746 3454 ratur
800 3385 868 3466 in
927 3384 1190 3450 sabbato
1213 3435 1230 3464 ,
1292 3386 1611 3469 complens
1670 3405 1859 3473 opera
1904 3406 2019 3452 sua
2061 3386 2126 3449 in
2179 3405 2251 3451 eo
2297 3389 2364 3452 et
2418 3385 2793 3452 benedicens

567 3492 690 3579 ipsi
735 3489 858 3554 diei
877 3536 893 3567 ,
939 3488 1086 3573 quia
1125 3489 1191 3553 in
1235 3488 1346 3553 illo
1396 3491 1693 3556 uniuersa
1739 3489 2166 3574 compleuerit.

743 3595 826 3655 Et
859 3595 1168 3676 plantauit
1195 3594 1470 3657 dominus
1513 3595 1659 3657 deus
1689 3596 2051 3678 paradisum
2092 3599 2157 3656 in
2187 3595 2329 3656 eden
2358 3600 2562 3658 contra
2592 3597 2793 3656 orien-
2826 3631 2899 3686 30

567 3705 702 3763 tem.
783 3713 895 3778 pro
949 3695 1240 3776 paradiso
1297 3697 1553 3761 hortum
1611 3697 1838 3775 habet,
1902 3696 1970 3761 id
2030 3699 2131 3761 est
2180 3719 2319 3780 yan.
2417 3713 2601 3779 porro
2647 3697 2794 3759 eden

570 3799 832 3866 deliciae
869 3798 1381 3881 interpretantur,
1470 3819 1581 3882 pro
1625 3819 1744 3882 quo
1789 3797 2199 3882 Symmachus
2243 3799 2569 3872 transtulit
2612 3818 2793 3885 para-

725 3961 2495 4031 110111312Ρεαιω40,81416111,318661112
2562 3966 2572 4029 Ι
2639 3963 2787 4034 1311

570 4047 639 4103 15
661 4048 835 4099 Psalm
862 4046 981 4112 104,
995 4046 1066 4100 30
1097 4049 1105 4113 Ι
1139 4047 1204 4103 17
1231 4049 1340 4098 Gen
1361 4049 1495 4106 1,10
1525 4051 1537 4116 Ι
1564 4049 1633 4103 21
1660 4051 1827 4100 Matth
1843 4050 1925 4113 14,
1943 4051 2011 4105 25
2043 4049 2050 4117 Ι
2082 4047 2153 4102 24
2166 4052 2275 4100 Gen
2289 4052 2338 4113 2,
2359 4049 2392 4102 2
2423 4052 2432 4119 Ι
2465 4048 2532 4103 30
2560 4052 2671 4101 Gen
2692 4052 2793 4114 2‚8

706 4201 741 4253 2
778 4199 891 4263 ipse
924 4217 1016 4269 μφ
1046 4198 1054 4266 Ι
1087 4202 1120 4254 6
1155 4203 1449 4253 habentium
1482 4222 1550 4272 μ,
1583 4205 1841 4255 abentium
1876 4221 1921 4272 φ
1954 4205 1963 4269 Ι
1992 4205 2026 4258 8
2062 4203 2469 4267 superferebatur
2514 4220 2668 4268 super
2692 4223 2736 4273 μ
2778 4201 2787 4273 Ι

570 4287 641 4340 10
673 4286 1021 4336 marahaefeth
1055 4291 1147 4355 βγ,
1202 4290 1446 4340 merefeth
1481 4308 1573 4359 μφ
1632 4290 1640 4354 Ι
1699 4289 1855 4356 14115
1894 4293 2255 4354 consequenter
2292 4297 2360 4348 >
2396 4309 2442 4360 φ
2484 4290 2493 4354 Ι
2542 4289 2611 4344 15
2645 4291 2790 4341 emit-

569 4370 639 4422 tis
673 4389 716 4443 μ
737 4370 761 4464 Ἰ
793 4367 858 4422 19
895 4378 1251 4437 nuncupantur
1274 4379 1311 4441 β
1340 4375 1350 4444 Ι
1392 4373 1460 4430 24
1499 4379 1641 4428 sexto
1676 4380 1751 4444 βγ
1781 4375 1790 4442 Ι
1820 4375 1891 4430 25
1928 4378 2067 4428 sexto
2108 4394 2146 4444 γ
2176 4378 2187 4443 Ι
2217 4376 2285 4431 29
2322 4373 2415 4428 illo
2448 4381 2615 4448 βγμφ
