3169 4941
575 444 682 499 206
1449 442 1675 498 Genesis
1704 442 1795 497 49.
1832 444 1917 499 50.

575 601 774 693 α’γροῢ
829 604 944 670 καὶ
978 606 1094 671 τοῢ
1135 600 1458 692 σπηλαίου
1500 608 1619 671 τοῦ
1666 598 1859 683 ὄντος
1914 601 1983 669 ἐν
2026 600 2201 691 αὐτῷ
2242 602 2427 691 παρὰ
2462 606 2592 668 τῶν
2638 597 2791 667 υἱῶν
2826 622 2853 668 1

577 708 736 781 Χέτ.
833 711 892 751 ⁸⁸
907 707 1015 775 καὶ
1057 707 1463 775 κατέπαυσεν
1497 706 1731 793 Ἰακώβ
1768 703 2146 780 ἐπιτάσσων
2188 713 2331 787 τοῖς
2372 703 2540 786 υἱοῖς
2578 702 2788 789 αὐτοῦ,

574 814 688 882 καὶ
746 812 978 901 ἐξάρας
1031 813 1182 893 τοὺς
1223 812 1439 893 πόδας
1481 805 1681 881 αὐτοῦ
1726 812 1847 881 ἐπὶ
1909 813 2025 903 τὴν
2064 811 2277 903 κλίνην
2318 813 2578 895 ἐξέλιπε
2594 834 2610 849 ·
2681 810 2791 878 καὶ

452 916 545 990 50
577 917 952 1007 προσετέθη
1013 917 1184 1005 πρὸς
1233 918 1348 985 ’τὸν
1401 916 1560 985 λαὸν
1624 911 1837 986 αὐτοῦ.
1935 924 1959 961 ¹
1989 918 2104 985 καὶ
2158 915 2500 984 ἐπιπεσών
2560 909 2791 1005 Ἰωσὴφ

573 1022 692 1091 ἐπὶ
735 1022 1097 1113 πρόσωπον
1147 1026 1263 1090 τοῦ
1321 1023 1576 1111 πατρὸς
1638 1016 1835 1091 αὐτοῦ
1888 1019 2193 1090 ἔκλαυσεν
2250 1014 2441 1090 αὐτὸν
2483 1020 2594 1087 καὶ
2640 1018 2789 1110 ἕφί-
2824 1040 2857 1087 5

571 1129 760 1218 λησεν
830 1120 1039 1195 αὗτόν.
1137 1126 1287 1194 ’καὶ
1349 1126 1751 1216 προσέταξεν
1802 1120 2039 1217 Ἰωσὴφ
2100 1133 2243 1207 τοῖς
2298 1126 2531 1193 παισὶν
2592 1118 2789 1191 αὖτοῦ

570 1238 714 1313 τοῖς
757 1232 1217 1321 ἐπαφιασταῖς
1261 1227 1654 1322 ἐνταφιάσαι
1692 1231 1807 1300 τὸν
1848 1230 2106 1320 πατέρα
2145 1224 2341 1300 αὐτοῦ
2356 1254 2372 1269 ·
2418 1230 2530 1298 καὶ
2572 1230 2792 1298 ἑνετα-

571 1335 819 1427 φίασαν
859 1333 924 1403 οἱ
966 1334 1396 1427 ἐνταφιασταὶ
1452 1334 1568 1404 τὸν
1607 1329 1873 1427 Ἰσραήλ.
1968 1340 2119 1404 8και
2176 1332 2558 1426 ἐπλήρωσαν
2594 1326 2794 1402 αὐτοῦ

569 1437 1049 1529 τεσσαράκοντα
1103 1438 1374 1531 ἡμέρας·
1449 1438 1617 1508 οὕτω
1668 1442 1794 1529 γάρ
1838 1446 2398 1529 καταριθμοῦνται
2438 1466 2509 1507 αι
2556 1436 2790 1530 ἡμέραι

569 1552 684 1637 τῆς
755 1545 1187 1636 ταφῆς·καὶ
1247 1544 1610 1635 ἐπένθησεν
1670 1538 1867 1615 αὐτὸν
1924 1542 2282 1633 Αἴγυπτος
2348 1542 2791 1635 ἑβδομήκοντα
2830 1558 2895 1603 10

570 1649 828 1742 ἡμέρας.
920 1656 949 1693 4
967 1649 1118 1718 ἐπεὶ
1179 1648 1252 1718 δὲ
1295 1652 1643 1741 παρῆλθον
1709 1677 1779 1717 αι
1814 1648 2050 1741 ἥιιέραι
2088 1656 2203 1719 τοῦ
2248 1648 2567 1734 πένθους,
2642 1648 2787 1715 ἐλά-

569 1758 758 1847 λησεν
814 1754 1046 1845 Ἰωσὴφ
1105 1755 1277 1843 πρὸς
1330 1754 1479 1835 τοὺς
1536 1754 1857 1835 δυνάστας
1918 1755 2161 1844 Φαραώ
2214 1754 2416 1841 λέγων
2474 1752 2556 1821 Εἰ
2609 1747 2789 1843 εὗρον

565 1861 752 1950 χάριν
795 1858 1085 1927 ἐναντίον
1141 1856 1345 1944 ὑμῶν,
1421 1854 1742 1948 λαλήσατε
1788 1858 1942 1947 περὶ
1987 1859 2143 1944 ἐμοῦ
2194 1857 2289 1938 εἷς
2340 1860 2424 1925 τὰ
2468 1852 2604 1925 ὦτα
2648 1865 2787 1924 Φα-

571 1965 709 2055 ραὼ
748 1966 1036 2050 λέγοντες
1109 1961 1220 2031 5Ὁ
1261 1958 1479 2053 πατήρ
1540 1989 1665 2048 μου
1710 1961 1950 2053 ὥρκισέ
1987 1988 2069 2049 με
2124 1962 2320 2051 λέγων
2354 1955 2457 2030 Ἕν
2498 1968 2592 2051 τῷ
2632 1988 2788 2051 μνη-

572 2066 735 2157 μείῳ
776 2060 829 2158 ᾧ
871 2066 1077 2157 ὤρυξα
1116 2066 1369 2157 ἐμαυτῷ
1413 2066 1480 2136 ἓν
1531 2074 1613 2158 γῇ
1654 2064 1953 2152 Χαναάν,
2022 2067 2161 2135 ἐκεῖ
2215 2093 2299 2153 με
2336 2062 2607 2157 θάψεις.
2680 2072 2789 2135 νῦν
2828 2083 2890 2129 15

572 2166 682 2241 οὖν
719 2166 970 2259 ἀναβὰς
1007 2168 1222 2263 θάψω
1263 2171 1376 2241 τὸν
1419 2172 1673 2261 πατέρα
1708 2198 1835 2259 μου
1850 2225 1867 2255 ,
1909 2172 2022 2240 καὶ
2053 2168 2583 2257 ἐπανελεύσομαι.
2638 2172 2789 2239 8καὶ

571 2272 722 2346 εἶπε
767 2277 1010 2368 Φαραὼ
1064 2284 1159 2367 τῷ
1209 2270 1444 2367 Ἰωσὴφ
1497 2274 1825 2368 Ἀνάβηθι
1837 2331 1853 2362 ,
1910 2273 2146 2367 θάψον
2202 2276 2317 2344 τὸν
2360 2275 2624 2365 πατέρα
2668 2300 2789 2345 σου

572 2378 884 2470 καθάπερ
925 2380 1162 2472 ὥρκισέ
1204 2405 1294 2450 σε.
1397 2382 1546 2449 ’(καὶ
1590 2374 1788 2472 άνέβη
1826 2379 2059 2474 Ἰωσὴφ
2104 2380 2339 2470 θάψαι
2381 2380 2493 2449 τὸν
2534 2381 2791 2468 πατέρα

573 2482 768 2556 αὐτοῦ
782 2514 796 2527 ·
836 2487 951 2555 καὶ
998 2487 1422 2578 συνανέβησαν
1460 2491 1599 2573 μετ’
1646 2483 1842 2555 αὐτοῦ
1878 2482 2126 2568 πάντες
2168 2484 2232 2553 οἳ
2272 2489 2511 2568 παῖδες
2545 2487 2788 2576 Φαραὼ

570 2591 680 2660 καὶ
727 2589 791 2660 οἱ
826 2588 1258 2684 πρεσβύτεροι
1295 2596 1410 2662 τοῦ
1472 2589 1651 2661 οἴκου
1708 2584 1906 2660 αὐτοῦ
1959 2592 2071 2660 καὶ
2122 2586 2367 2671 πάντες
2404 2587 2469 2659 οἱ
2504 2599 2791 2681 πρεσβυ-
2826 2605 2895 2650 20

713 2831 744 2886 1
784 2831 952 2902 αυτῳ]
989 2851 1061 2885 av
1095 2847 1176 2896 m,
1215 2847 1377 2901 quum
1413 2831 1584 2885 erucis
1620 2829 1794 2886 forma
1828 2851 1903 2900 τῳ
1939 2830 2123 2887 addito
2161 2832 2311 2887 laesa
2344 2832 2485 2886 foret
2530 2832 2539 2900 Ι
2588 2832 2615 2885 1
2662 2831 2788 2886 ante

573 2939 727 2995 παρα
766 2920 832 2988 -Ι-
868 2937 931 2970 ro
967 2935 1023 2982 c,
1063 2919 1129 2987 -Ι-
1165 2938 1263 2970 του
1299 2935 1327 2970 z
1367 2919 1375 2986 Ι
1419 2919 1454 2972 2
1485 2918 1643 2971 initio
1687 2922 1747 2984 -Ι-
1784 2937 1882 2971 του
1916 2935 1973 2970 m
2016 2920 2023 2987 Ι
2069 2921 2103 2974 2
2129 2937 2395 2988 χετταιου
2430 2935 2486 2973 m
2522 2915 2785 2988 [t=h]1

571 3007 608 3060 2
642 3013 762 3059 τοῖο
798 3024 941 3064 υιοις
975 3021 1004 3057 z
1075 3005 1084 3072 Ι
1150 3006 1186 3059 3
1220 3006 1346 3073 post
1400 3007 1595 3075 εξαρας
1630 3007 1695 3072 -Ι-
1734 3012 1908 3073 ιακωβ
1941 3004 2041 3058 AD
2080 3005 2189 3075 [GR]
2232 3007 2393 3060 Fami:
2444 3006 2577 3076 [non
2602 3006 2659 3076 Χ]
2696 3023 2724 3058 z
2776 3003 2785 3075 Ι

570 3087 606 3149 3
640 3113 766 3152 τους
800 3093 980 3150 ποδας
1018 3093 1144 3160 post
1175 3096 1367 3158 κλινην
1401 3095 1611 3160 ponunt
1644 3094 1725 3145 mt
1772 3093 1781 3162 Ι
1834 3094 1870 3148 3
1908 3112 2075 3146 αυτου
2114 3102 2181 3153 >
2215 3093 2314 3147 AD
2345 3094 2456 3164 [GR]
2485 3095 2737 3148 Facmtxz
2776 3093 2785 3162 Ι

570 3181 606 3234 3
643 3182 921 3242 εξελειπεν
954 3177 1363 3248 AD[GR]F11‚
1409 3181 1661 3239 εξελιπεν
1695 3180 1785 3233 015¹
1817 3178 1825 3247 Ι
1856 3178 1891 3234 5
1930 3177 2047 3247 επι]
2086 3199 2229 3232 κατα
2263 3195 2296 3232 x
2327 3183 2336 3246 Ι
2375 3181 2410 3235 5
2448 3181 2785 3253 προσωπον]

569 3285 669 3320 τον
702 3268 978 3340 τράχηλον
1014 3263 1146 3318 Amt
1197 3268 1208 3332 1
1261 3265 1296 3320 5
1334 3268 1564 3318 εκλαυσε
1600 3280 1634 3318 a
1676 3265 1684 3335 Ι
1732 3267 1764 3320 5
1802 3265 1995 3336 αυτον]
2033 3266 2389 3334 praemittunt
2426 3285 2499 3320 επ
2531 3267 2643 3321 on
2660 3307 2674 3330 ‚
2716 3285 2789 3321 επ

573 3373 718 3407 αυτω
751 3353 853 3416 Fz,
886 3369 1097 3426 πικρως
1133 3370 1205 3406 επ
1249 3371 1397 3421 αυτῳ
1433 3367 1496 3415 a,
1537 3369 1610 3406 επ
1638 3369 1805 3406 αυτωι
1843 3354 1926 3405 mt
1972 3353 1981 3421 Ι
2030 3353 2064 3407 6
2100 3357 2404 3426 προσεταξε
2440 3355 2511 3405 1⁹
2558 3354 2569 3422 Ι
2620 3355 2654 3408 6
2690 3373 2787 3406 ιω-

572 3456 686 3512 σηφ
723 3448 790 3499 >
821 3455 856 3491 x
885 3441 895 3505 1
925 3439 958 3493 ’1
993 3439 1126 3509 τοις]
1171 3457 1291 3492 roco
1327 3455 1355 3491 z
1385 3439 1394 3509 Ι
1425 3437 1460 3492 8
1495 3455 1576 3503 „a
1610 3458 1713 3492 τον
1749 3441 1945 3514 ισραηλ
1977 3454 2147 3509 usque
2179 3456 2235 3494 u.
2260 3441 2293 3494 6
2331 3440 2509 3494 omnia
2546 3439 2785 3494 desunt“

570 3527 756 3597 D[GB.]
805 3527 815 3595 Ι
861 3526 896 3580 8
929 3530 1318 3600 ενεπληρωσαν
1353 3542 1382 3580 c
1427 3529 1438 3594 Ι
1485 3526 1520 3580 8
1557 3545 1703 3580 αυτω
1736 3543 1799 3581 xz
1845 3527 1853 3597 Ι
1896 3526 1984 3595 8s9
2019 3545 2228 3604 ημερας
2258 3548 2305 3598 μ
2340 3545 2368 3580 z
2398 3527 2407 3596 Ι
2454 3528 2487 3582 9
2522 3543 2781 3603 τεσσερα-

569 3633 736 3668 κοντα
770 3613 863 3667 AF
894 3615 902 3684 Ι
932 3613 968 3666 9
1004 3632 1175 3673 ουτως
1207 3613 1342 3667 Εοΐῐι
1372 3614 1379 3684 Ι
1411 3613 1444 3665 9
1481 3621 1861 3688 αριθμουνται
1898 3630 1927 3668 c
1957 3613 1964 3683 Ι
2000 3616 2066 3670 10
2093 3615 2495 3685 εβδομηκοντα]
2518 3629 2785 3689 τεσσαρα-

569 3717 736 3754 κοντα
770 3717 834 3765 1,
874 3721 904 3752 ο
936 3717 967 3754 z
996 3702 1007 3767 Ι
1039 3704 1104 3756 11
1131 3719 1252 3754 επει
1280 3702 1344 3754 δε
1366 3699 1656 3765 Fabcmtx,
1697 3701 1889 3768 επειδη
1914 3700 1985 3764 A,
2024 3702 2220 3768 επειδη
2249 3721 2355 3775 γαρ
2380 3719 2408 3754 z
2440 3700 2448 3770 Ι
2482 3704 2545 3757 11
2574 3704 2784 3773 παρηλ-

570 3791 758 3841 θοσαν
791 3803 820 3840 ο
863 3789 873 3854 Ι
914 3787 981 3840 12
1016 3789 1176 3862 προς]
1215 3805 1292 3846 εις
1327 3803 1362 3841 a
1391 3787 1400 3857 Ι
1444 3788 1514 3843 13
1549 3805 1813 3841 εναντιων
1846 3805 1875 3840 z
1916 3789 1926 3856 Ι
1970 3789 2038 3843 13
2072 3803 2200 3861 περι
2236 3805 2376 3859 εμου
2414 3796 2481 3847 >
2514 3787 2732 3842 Facmtz
2772 3785 2783 3860 Ι

571 3873 640 3928 13
677 3891 753 3933 εις
785 3893 854 3927 τα
891 3875 1019 3942 ωτα]
1054 3891 1192 3948 προς
1227 3889 1262 3925 1
1305 3874 1314 3943 Ι
1359 3875 1428 3930 14
1463 3877 1591 3929 ante
1633 3895 1664 3928 ο
1704 3874 1769 3943 -Ι-
1810 3893 1894 3927 οτι
1944 3889 1979 3927 a
2016 3874 2026 3944 Ι
2068 3873 2138 3927 14
2172 3890 2407 3943 ωρκισεν
2439 3873 2631 3940 AF11,
2679 3895 2786 3950 ωρ-

571 3976 701 4028 κησε
735 3976 791 4014 m
823 3959 830 4030 Ι
873 3960 942 4015 14
982 3962 1109 4029 post
1140 3978 1215 4030 με
1249 3961 1315 4029 -Ι-
1351 3978 1461 4035 προ
1498 3981 1597 4014 του
1634 3963 1953 4028 τελευτησαι
1990 3979 2156 4014 αυτον
2191 3976 2254 4025 a,
2289 3960 2432 4015 fdem
2466 3961 2583 4016 sine
2618 3979 2787 4015 αυτον

572 4049 638 4116 -Ι-
674 4047 784 4102 on
827 4049 836 4116 Ι
882 4047 950 4101 14
985 4051 1162 4118 λέγων
1198 4057 1266 4107 >
1300 4049 1383 4101 mt
1433 4051 1444 4115 Ι
1501 4047 1657 4117 14115
1690 4066 1915 4120 μνημιω
1945 4045 1992 4100 F
2045 4048 2054 4117 Ι
2112 4047 2177 4100 15
2216 4051 2399 4119 ωρηξα
2438 4067 2466 4102 z
2504 4050 2513 4116 Ι
2559 4048 2626 4104 15
2658 4047 2823 4102 ante'

571 4152 789 4205 εμαυτῳ
827 4135 893 4203 -Ι-
931 4151 1040 4206 εγω
1077 4152 1104 4187 z
1151 4134 1160 4202 Ι
1201 4135 1267 4190 15
1304 4151 1413 4188 sxa
1449 4153 1524 4208 με
1559 4141 1759 4203 θάψον
1802 4152 1861 4188 εν
1894 4153 1967 4204 γη
1996 4151 2221 4202 χανααν
2255 4151 2290 4187 x
2330 4136 2341 4204 Ι
2386 4135 2453 4190 15
2486 4141 2673 4206 θαψης
2709 4153 2737 4188 z
2768 4134 2778 4204 Ι

507 4237 511 4247 ·
571 4220 640 4276 16
676 4221 1048 4292 επελευσομαι
1083 4221 1210 4276 AFx
1247 4221 1258 4292 Ι
1307 4223 1373 4276 16
1410 4221 1660 4277 oommati
1696 4222 1844 4275 sexto
1880 4219 2179 4289 praemittit
2228 4221 2391 4275 εἶπον
2426 4239 2527 4276 ουν
2560 4242 2635 4292 τῳ
2670 4242 2779 4294 φα-

574 4327 692 4380 ραῳ
729 4327 866 4362 κατα
897 4327 966 4361 τα
1004 4325 1268 4382 ειρημενα
1303 4327 1416 4362 υπο
1449 4329 1552 4363 του
1589 4323 1769 4379 ιωσηφ
1793 4321 1856 4373 a,
1892 4327 1986 4360 και
2012 4325 2173 4362 ειπον
2197 4327 2362 4362 τουτο
2389 4328 2465 4362 τω
2488 4329 2689 4381 φαραω
2712 4325 2741 4362 z
2770 4308 2780 4382 Ι

574 4393 640 4448 17
689 4411 844 4446 ειπεν
891 4393 1134 4448 AFt1x¹
1186 4395 1196 4464 Ι
1249 4395 1316 4448 17
1362 4396 1461 4465 τῳ]
1510 4412 1657 4468 προς
1692 4411 1721 4446 z
1784 4396 1794 4463 Ι
1862 4394 1929 4451 18
1964 4399 2168 4448 καθοτι
2219 4397 2302 4449 mt
2364 4395 2373 4466 Ι
2444 4395 2512 4450 18
2551 4410 2784 4470 ωρκισεν

572 4477 840 4542 AFt111,
876 4495 1044 4534 ωκισε
1079 4496 1110 4534 z
1158 4481 1168 4550 Ι
1213 4481 1284 4534 20
1319 4481 1498 4550 οικου]
1535 4485 1673 4534 λαου
1706 4497 1741 4533 x
