3169 4941
1339 418 1564 475 Genesis
1603 420 1690 475 31.
2529 417 2633 473 123

342 602 367 647 1
414 582 501 650 Τί
545 581 725 661 ἐστι,·
804 581 987 648 12καὶ
1029 575 1218 649 εἶπεν
1262 576 1677 670 Ἀνάβλεψον
1725 584 1866 660 τοῖς
1906 573 2287 669 ὀφθαλμοῖς
2326 600 2475 662 σου,
2522 578 2635 646 καὶ

405 686 507 755 ἴδε,
548 687 702 767 τοὺς
738 683 1011 776 τράγους
1054 684 1168 753 καὶ
1206 686 1355 766 τοὺς
1400 685 1617 773 κριοὺς
1663 681 2128 769 ἀναβαίνοντας
2172 682 2293 751 ἐπὶ
2334 683 2417 749 τὰ
2462 679 2633 770 πρό-

405 799 578 877 βατα
619 790 732 858 καὶ
776 792 898 871 τὰς
955 784 1146 877 αἶγας
1186 790 1556 870 διαλεύκους
1602 790 1716 857 καὶ
1773 787 2106 869 ποικίλους
2165 789 2277 857 καὶ
2326 792 2635 857 σποδοει-

409 897 542 975 δεῖς
585 894 879 983 ραντούς·
935 890 1186 984 ἑώρακα
1221 889 1370 983 γάρ,
1415 893 1540 962 ὅσα
1583 918 1691 962 σοι
1720 890 1968 979 Λάβαν
2011 898 2243 963 ποιεῖ·
2277 897 2334 936 ¹³
2348 890 2473 981 ἐγώ
2500 883 2664 980 εἰμι’

340 1017 370 1063 5
409 998 444 1067 6
493 998 658 1078 θεὸς
699 995 736 1065 6
783 991 1028 1087 ὀφθείς
1067 1020 1174 1065 σοι
1237 998 1308 1065 ἐν
1348 998 1537 1086 τόπῳ
1580 1003 1745 1065 θεοῦ
1762 1047 1782 1083 ,
1852 990 1930 1065 οὗ
1988 994 2267 1087 ἤλειψάς
2323 1024 2438 1083 μοι
2500 998 2637 1067 ἐκεῖ

409 1099 638 1193 στήλην
683 1102 796 1171 καὶ
837 1099 1008 1193 ηἷίξω
1045 1128 1161 1187 μοι
1205 1102 1342 1169 ἐκεῖ
1396 1095 1611 1193 εὐχήν·
1668 1110 1776 1170 νῦν
1830 1098 1941 1171 οὖν
1986 1095 2308 1192 ἀνάστηθι
2366 1100 2477 1169 καὶ
2528 1101 2631 1185 ἕξ·-

407 1210 565 1275 &we
607 1208 682 1275 ἐκ
724 1214 840 1297 τῆς
876 1212 991 1297 γῆς
1033 1202 1268 1296 ταύτης
1325 1205 1440 1273 καὶ
1501 1203 1763 1273 ἔπελθε
1818 1204 1912 1286 εἰς
1964 1206 2078 1295 τὴν
2135 1214 2247 1298 γῆν
2297 1213 2413 1297 τῆς
2455 1206 2633 1295 γενέ-

410 1305 572 1389 σεώς
615 1331 760 1393 σου,
797 1306 924 1376 ’καὶ
965 1307 1200 1394 ἔσομαι
1242 1309 1406 1394 μετὰ
1453 1314 1591 1379 σοῦ.
1677 1314 1737 1352 ¹4
1752 1310 1860 1377 καὶ
1903 1306 2383 1398 ἀποκριθεῖσαι
2409 1310 2637 1401 Ῥαχὴλ

409 1414 522 1483 καὶ
549 1412 732 1481 Λεία
776 1407 972 1481 εἶπαν
1011 1410 1185 1503 αὐτῷ
1213 1414 1332 1503 Μὴ
1375 1411 1553 1483 ἔστιν
1598 1412 1751 1503 ἡμῖν
1794 1411 1895 1482 ἔτι
1936 1413 2125 1502 μερὶς
2166 1413 2209 1504 ἢ
2250 1412 2637 1504 κληρονομία

311 1542 376 1588 10
411 1518 476 1587 ἓν
517 1526 610 1608 τῷ
655 1515 816 1607 οἴκῳ
854 1525 968 1587 τοῦ
1011 1519 1265 1608 πατρὸς
1307 1517 1522 1609 ἡμῶν,·
1606 1515 1789 1601 15οὐχ
1833 1516 1921 1599 ὥς
1956 1515 2034 1585 ἀἶ
2079 1516 2409 1608 ἀλλότριαι
2452 1521 2636 1587 λελο-

409 1622 700 1711 γίσμεθα
741 1620 914 1711 αὐτῷ
925 1654 946 1706 ,·
984 1622 1292 1711 πέπρακε
1335 1624 1456 1709 γὰρ
1485 1620 1651 1712 ἡμᾶς
1666 1676 1685 1707 ,
1734 1622 1847 1691 καὶ
1875 1619 2283 1711 καταβρώσει
2314 1621 2639 1712 κατέφαγε

409 1727 486 1797 τὸ
531 1723 825 1817 ἀργύριον
869 1726 1066 1817 ἡμῶν.
1136 1722 1428 1794 16πάντα
1487 1726 1599 1795 τὸν
1655 1728 1941 1795 πλοῦτον
1983 1726 2095 1795 καὶ
2134 1727 2251 1816 τὴν
2294 1722 2521 1809 δόξαν,
2556 1720 2637 1817 ἣν

413 1829 719 1923 ἀφείλετο
775 1830 812 1899 6
859 1832 1022 1911 θεὸς
1084 1840 1200 1899 τοῦ
1262 1831 1514 1921 πατρὸς
1578 1829 1787 1921 ἡμῶν,
1858 1827 2009 1920 ἡμῖν
2073 1827 2259 1901 ἔσται
2327 1829 2439 1898 καὶ
2494 1836 2638 1911 τοῖς

411 1936 664 2015 τέκνοις
706 1932 909 2025 ἡμῶν·
948 1939 1058 2001 νῦν
1089 1929 1216 2017 οὖν,
1261 1935 1384 2003 ὅσα
1417 1958 1524 2003 σοι
1567 1931 1818 2025 εἴρηκεν
1857 1931 1894 2001 6
1924 1931 2117 2019 θεός,
2147 1934 2351 2005 ποίει.
2402 1929 2638 2003 17οἴνα·-

315 2054 375 2101 15
413 2040 572 2121 στὰς
631 2038 705 2107 δὲ
753 2036 998 2125 Ἰακώβ
1053 2036 1246 2125 ἔλαβε
1301 2039 1420 2119 τὰς
1479 2044 1783 2126 γυναῖκας
1840 2036 2034 2108 αὐτοῦ
2087 2039 2202 2108 καὶ
2254 2040 2337 2107 τὰ
2398 2037 2639 2109 παιδία

411 2141 605 2211 αὐτοῦ
659 2142 779 2212 ἐπὶ
831 2143 950 2222 τὰς
1005 2139 1330 2231 καμήλους
1348 2167 1363 2181 ·
1458 2143 1639 2211 18καὶ
1698 2136 1995 2232 ἀπήγαγε
2050 2144 2267 2211 πάντα
2309 2145 2392 2211 τὰ
2432 2140 2638 2233 ὑπάρ-

408 2272 605 2331 χοντα
649 2239 820 2335 αὐτῷ
858 2245 969 2314 καὶ
1013 2251 1236 2313 πᾶσαν
1278 2247 1394 2337 τὴν
1433 2243 1802 2336 ἀποσκευὴν
1849 2240 2045 2315 αὐτοῦ
2064 2300 2080 2329 ,
2136 2240 2212 2338 ἣν
2249 2245 2639 2339 περιεποιή-

413 2374 576 2419 σατο
619 2351 686 2418 ἐν
728 2355 808 2441 τῇ
853 2350 1348 2442 Μεσοποταμίᾳ
1365 2404 1382 2434 ,
1446 2350 1560 2418 καὶ
1610 2346 1831 2417 πάντα
1888 2350 1975 2417 τὰ
2025 2344 2223 2419 αὐτοῦ
2239 2406 2257 2436 ,
2318 2349 2641 2421 ἀπελθεῖν

415 2456 583 2547 πρὸς
623 2448 848 2525 Ἰσαὰκ
902 2454 1018 2524 τὸν
1071 2454 1326 2545 πατέρα
1385 2452 1580 2526 αὐτοῦ
1638 2452 1734 2535 εἷς
1776 2459 1891 2546 γῆν
1932 2452 2217 2525 Χαναάν.
2318 2452 2639 2543 19Λάβαν

554 2636 585 2688 1
624 2651 773 2686 εστιν
802 2632 922 2687 AEt
973 2632 984 2704 Ι
1041 2632 1069 2685 1
1101 2649 1225 2685 ειπε
1261 2651 1364 2704 μοι
1402 2635 1721 2700 αναβλεψον
1751 2649 1779 2686 c
1832 2632 1841 2701 Ι
1897 2635 1927 2688 1
1966 2636 2281 2702 αναβλεψας
2315 2650 2346 2688 z
2400 2637 2409 2702 Ι
2457 2636 2488 2691 1
2527 2654 2643 2694 τοις

420 2724 748 2791 οφθαλμοις
782 2735 885 2772 σου
921 2739 1014 2772 και
1051 2729 1120 2779 >
1158 2736 1188 2773 z
1241 2722 1251 2786 Ι
1303 2718 1338 2772 4
1375 2715 1516 2790 ἑώρα
1553 2736 1580 2771 z
1631 2721 1641 2785 Ι
1681 2721 1717 2775 4
1753 2722 1880 2790 post
1916 2738 2025 2789 εγω
2061 2721 2127 2787 -Ι-
2166 2721 2229 2773 δε
2265 2723 2348 2776 mt
2388 2722 2397 2787 Ι
2445 2723 2480 2778 5
2516 2724 2643 2790 post

419 2813 550 2866 θεος
573 2808 637 2873 -Ι-
671 2820 773 2859 σου
811 2821 878 2875 ay
910 2807 920 2874 Ι
951 2806 984 2859 5
1006 2824 1160 2876 ‘comp
1187 2812 1324 2860 θεου
1352 2825 1417 2858 ου
1435 2805 1683 2869 Ebemtz‚
1726 2825 1799 2860 τω
1832 2825 1989 2860 τοπω
2026 2805 2170 2870 ωΑ,
2205 2826 2281 2876 τῳ
2315 2825 2471 2877 τοπῳ
2504 2814 2639 2861 θεου

419 2912 484 2944 ου
522 2909 590 2963 ay
651 2896 662 2960 Ι
727 2892 763 2948 5
797 2895 973 2960 ηλιψα
1011 2890 1082 2955 A,
1123 2909 1159 2944 σ
1196 2891 1522 2956 minuscule,
1580 2891 1722 2961 quod
1761 2908 1947 2957 „nune
1981 2891 2151 2948 nimia
2198 2895 2473 2948 uetustate
2506 2911 2642 2962 pene

419 2979 640 3034 euanuit
654 2984 705 3042 “‚
745 2981 936 3047 possea
979 2978 1124 3032 inter
1159 2978 1347 3033 literas
1377 2979 1608 3034 inserto.
1660 2982 1865 3048 ηλιψας
1898 2980 1947 3033 D
1970 2979 2085 3048 [en]
2104 3019 2118 3033 .
2161 2983 2396 3050 ειληψας
2431 2997 2485 3034 m
2526 2981 2642 3050 [sed

419 3066 594 3133 prima
627 3081 791 3120 manu
823 3065 1136 3134 correctum]
1178 3081 1206 3118 z
1236 3065 1247 3130 Ι
1278 3067 1312 3120 6
1352 3068 1573 3132 στειλην
1603 3065 1651 3121 Ε
1683 3068 1693 3132 Ι
1722 3067 1756 3119 6
1791 3083 1903 3120 sxa
1938 3075 2007 3126 >
2045 3082 2130 3131 ez,
2167 3069 2293 3136 post
2324 3085 2491 3138 ευχην
2512 3071 2594 3122 mt
2630 3068 2639 3140 Ι

421 3152 505 3222 617
543 3154 756 3206 απελθε
790 3150 888 3204 ΑΙ)
916 3150 1024 3220 [GR]
1054 3169 1081 3204 z
1135 3153 1144 3218 Ι
1199 3154 1229 3207 7
1270 3168 1330 3204 εκ
1365 3169 1457 3217 της
1491 3170 1591 3221 γης
1624 3170 1822 3217 ταυτης
1858 3172 1953 3205 και
1990 3156 2204 3207 απελθε
2246 3163 2313 3213 >
2347 3171 2378 3209 z
2422 3155 2429 3223 Ι
2478 3155 2513 3209 8
2548 3175 2643 3210 και

421 3254 628 3309 εσομαι
667 3254 808 3309 μετα
852 3253 952 3290 σου
991 3247 1060 3297 >
1097 3253 1126 3290 c
1155 3239 1164 3305 Ι
1195 3236 1230 3290 8
1271 3243 1653 3311 αποκριθεισα
1690 3237 1791 3292 AD
1818 3237 1934 3307 [GR]
1960 3254 2058 3308 ayz
2107 3242 2116 3306 Ι
2158 3238 2250 3306 8s9
2286 3243 2379 3292 λια
2415 3261 2509 3295 και
2544 3261 2643 3316 ρα-

413 3326 524 3392 χηλ
559 3324 632 3386 Ε,
673 3326 791 3376 λεια
829 3342 922 3376 και
964 3325 1140 3391 ραχηλ
1175 3339 1230 3384 c,
1267 3325 1394 3376 λιαν
1425 3341 1520 3376 και
1551 3327 1725 3398 ραχηλ
1764 3341 1791 3376 z
1836 3325 1845 3392 Ι
1888 3324 1922 3376 9
1962 3343 2129 3379 ειπον
2156 3325 2343 3380 Eomtz
2375 3329 2383 3392 Ι
2425 3327 2458 3380 9
2498 3346 2645 3396 amq»

421 3420 490 3471 >
527 3428 556 3464 z
605 3413 616 3476 Ι
662 3410 696 3463 9
733 3427 812 3462 ete.
851 3419 919 3468 >
952 3408 996 3461 Ε
1044 3411 1054 3478 Ι
1102 3409 1135 3462 9
1170 3408 1202 3475 ἢ
1240 3419 1307 3468 >
1345 3423 1374 3462 0
1421 3409 1430 3478 Ι
1479 3411 1513 3465 9
1544 3413 1917 3483 κληρονομιας
1954 3427 2016 3474 c,
2052 3415 2243 3484 κληρος
2277 3415 2359 3467 mt
2405 3415 2413 3484 Ι
2469 3415 2539 3468 10
2570 3433 2647 3482 τῳ

427 3496 588 3567 οικῳ]
629 3515 743 3554 τοις
779 3511 808 3550 o
854 3495 864 3565 Ι
914 3496 981 3550 10
1017 3513 1177 3566 υμων
1217 3511 1251 3550 a
1290 3495 1344 3564 [y
1367 3495 1513 3565 ==b]
1569 3499 1580 3562 Ι
1630 3497 1698 3551 10
1732 3517 1791 3549 αι
1828 3505 1897 3555 >
1934 3514 1963 3552 z
2002 3500 2011 3563 Ι
2055 3499 2124 3554 10
2159 3498 2371 3567 syllabis
2402 3519 2462 3551 αι
2498 3500 2646 3554 uocis

425 3585 706 3655 αλλοτριαι
743 3581 936 3650 incipit
967 3581 1012 3634 F
1067 3582 1076 3649 Ι
1128 3581 1194 3637 11
1231 3599 1517 3652 πεπρακεν
1550 3580 1753 3635 AEFt²
1799 3584 1809 3648 Ι
1862 3585 1929 3638 11
1964 3601 2275 3655 κατεφαγεν
2306 3593 2645 3659 καταβρωσει

423 3667 522 3722 AD
547 3669 666 3738 [GR]
695 3668 873 3733 EFfst,
921 3684 1205 3738 κατεφαγε
1240 3674 1578 3741 καταβρωσει
1616 3669 1794 3732 omes,
1845 3687 2126 3740 κατεφαγε
2164 3691 2303 3724 κατα
2337 3677 2532 3744 βρῶμα
2568 3691 2595 3726 z
2636 3673 2643 3744 Ι

429 3756 494 3812 12
529 3775 606 3828 ημ
643 3755 792 3810 uocis
823 3773 980 3825 ημων
1014 3753 1072 3807 in
1109 3768 1298 3808 rasura
1335 3755 1599 3809 corrector
1637 3757 1887 3810 uetustus
1935 3755 1993 3809 in
2026 3754 2097 3820 A,
2158 3757 2239 3812 ita
2276 3759 2522 3827 quidem,
2587 3763 2652 3816 ut

425 3842 550 3909 post
581 3861 626 3912 μ
663 3841 829 3896 tertia
862 3840 1025 3894 litera
1059 3839 1190 3894 olim
1223 3839 1390 3894 fuerit
1435 3841 1446 3907 Ι
1503 3842 1568 3896 13
1608 3845 1875 3912 αφειλατο
1910 3841 2009 3895 AD
2037 3841 2154 3911 [Gn]
2180 3843 2303 3898 ΕΓΖ
2368 3845 2379 3911 Ι
2446 3845 2515 3899 14
2551 3861 2649 3898 σοι

426 3928 552 3996 post
585 3934 721 3986 θεος
753 3927 908 3997 ponit
942 3926 990 3980 A
1009 3966 1021 3979 .
1077 3941 1139 3980 ex
1174 3927 1223 3980 D
1257 3924 1488 3980 Grabius
1528 3945 1743 3999 ειρηκεν
1776 3943 1867 3982 σοι
1903 3928 2137 3996 profert.
2200 3929 2280 3984 ita.
2318 3930 2436 3984 EFt
2453 3935 2474 3966 1
2524 3934 2651 3986 ante

427 4033 460 4066 ο
495 4020 631 4073 θεος
652 4053 666 4068 .
701 4029 798 4067 σοι
837 4031 1052 4089 ειρηκεν
1098 4014 1226 4067 ante
1265 4033 1296 4065 ο
1336 4019 1466 4072 θεὸς
1501 4029 1587 4078 m,
1628 4012 1724 4067 sed
1757 4014 1933 4082 prima
1969 4030 2135 4070 manu
2169 4035 2205 4071 α
2241 4017 2303 4070 et
2331 4023 2368 4084 β
2400 4016 2655 4085 inpositis

425 4099 485 4153 in
521 4117 735 4174 ειρηκεν
771 4116 862 4154 σοι
911 4102 1211 4154 mutatum.
1263 4117 1442 4172 ειρηκε
1491 4113 1588 4152 σοι
1625 4101 1723 4153 15²2
1791 4100 1798 4168 Ι
1870 4101 1940 4153 14
1973 4101 2101 4169 post
2144 4107 2277 4161 θεος
2308 4103 2373 4168 -Ι-
2410 4118 2511 4155 σου
2548 4119 2577 4156 z
2643 4103 2650 4174 Ι

432 4186 496 4240 15
535 4189 731 4253 ελαβεν
761 4185 964 4240 ΑΕΕ1;1
1010 4187 1018 4255 Ι
1070 4186 1136 4242 15
1176 4187 1300 4254 post
1333 4203 1430 4244 τας
1465 4186 1531 4252 -Ι-
1569 4186 1673 4238 dvo
1708 4185 1755 4240 F
1810 4186 1817 4254 Ι
1870 4185 1937 4240 15
1972 4205 2143 4238 amon
2182 4196 2249 4246 >
2287 4187 2377 4258 ΑΙ
2428 4188 2495 4242 16
2531 4192 2657 4258 post

427 4290 596 4324 αυτου
639 4274 706 4340 -Ι-
746 4293 839 4326 και
879 4279 1208 4341 ανεβιβασεν
1244 4289 1412 4330 αυτας
1447 4290 1475 4324 z
1523 4271 1530 4339 Ι
1588 4274 1655 4327 16
1692 4289 1989 4341 απηγαγεν
2022 4271 2254 4337 AEFt¹‚
2293 4292 2542 4345 επηγαγε
2575 4294 2604 4329 z
2643 4276 2651 4347 Ι

433 4358 498 4412 17
519 4377 666 4428 αυτῳ
693 4359 823 4428 uby,
862 4377 1032 4412 αυτου
1056 4357 1154 4412 AD
1182 4358 1298 4428 [GR]
1325 4358 1556 4414 Echtz
1587 4359 1596 4427 Ι
1631 4360 1695 4414 17
1721 4358 2058 4429 αποσκευην]
2099 4359 2296 4424 „schol
2328 4367 2558 4429 κτησιν“
2582 4362 2619 4417 b
2644 4362 2653 4433 Ι

434 4444 591 4512 17118
625 4461 896 4512 εποιησεν
929 4445 1040 4500 Eaz
1069 4446 1080 4512 Ι
1111 4446 1180 4501 19
1215 4463 1294 4505 εις
1327 4446 1455 4516 rav]
1496 4463 1557 4500 εν
1589 4465 1661 4517 γη
1697 4448 1725 4501 t
1754 4447 1763 4514 Ι
1798 4445 1865 4500 19
1898 4445 2024 4515 νην]
2064 4464 2163 4513 την
2200 4447 2276 4512 Ε,
2327 4467 2425 4516 την
2460 4467 2566 4520 W
2594 4468 2625 4506 z
