3169 4941
1266 407 1491 464 Genesis
1530 409 1616 464 14.
1655 409 1739 464 15.
1797 449 1818 472 .
2551 409 2622 469 53

332 583 359 626 1
396 570 491 656 τῷ
534 562 830 655 ὑψίστῳ,
875 560 951 646 ὃς
993 563 1206 635 ἓίιτισε
1245 567 1357 636 τὸν
1396 565 1666 658 οὐρανὸν
1706 568 1820 636 καὶ
1859 569 1974 660 τὴν
2015 574 2160 659 γῆν·
2215 572 2276 612 ¹⁰
2286 567 2402 637 καὶ
2438 566 2621 638 εὔλο-

393 670 587 759 ‚mag
641 668 680 738 6
738 670 903 750 θεὸς
959 669 996 738 6
1038 669 1333 760 ;ῧψιστος
1348 724 1367 753 ,
1436 667 1512 752 ὃς
1560 672 1899 762 παρέδωκε
1963 674 2118 754 τοὺς
2173 671 2448 761 ἐχθρούς
2501 695 2621 742 σου

392 771 804 861 ὑποχειρίους
848 795 971 842 σοι.
1043 775 1156 842 καὶ
1198 772 1429 843 ἔδωκεν
1474 768 1648 866 αὐτῷ
1669 773 1925 866 Ἄβραμ
1968 775 2236 865 δεκάτην
2279 769 2420 844 ἀπὸ
2447 771 2621 844 πάν-

392 903 537 945 των.
624 871 844 945 Πεῖπε
902 876 976 946 δὲ
1025 878 1331 964 βασιλεὺς
1383 879 1692 964 Σοδόμων
1774 880 1946 969 πρὸς
1982 877 2244 968 ’Ἀβραμ
2296 875 2436 960 Δός
2503 905 2620 966 μοι

324 999 358 1046 5
392 981 545 1061 τοὺς
584 978 825 1070 ἄνδρας
838 1033 855 1064 ,
912 981 1026 1071 τὴν
1066 982 1141 1050 δὲ
1183 984 1402 1051 ἵππον
1441 978 1602 1070 λάβε
1647 989 1914 1072 σεαυτῷ.
1995 987 2056 1028 ²²
2071 976 2221 1051 εἶπε
2260 983 2334 1052 δὲ
2358 979 2618 1072 Ἅβραμ

394 1084 565 1174 πρὸς
600 1085 714 1152 τὸν
757 1085 1037 1171 βασιλέα
1064 1083 1375 1171 Σοδόμων
1398 1083 1667 1154 Ἐκτενῶ
1695 1087 1810 1178 τὴν
1838 1082 2021 1178 χεῖρά
2049 1112 2174 1173 μου
2204 1086 2375 1178 πρὸς
2401 1082 2620 1176 κύριον

390 1188 505 1258 τὸν
545 1189 710 1256 θεὸν
750 1189 863 1256 τὸν
911 1188 1195 1280 ὕψιστον
1212 1243 1230 1274 ,
1290 1185 1365 1270 ὃς
1408 1188 1622 1259 ἔκτισε
1685 1191 1798 1259 ὢν
1861 1184 2130 1282 οὐρανὸν
2171 1189 2287 1258 καὶ
2327 1191 2440 1280 τὴν
2479 1197 2618 1280 γῆν,

402 1295 461 1336 ¹³
478 1290 536 1360 εἶ
592 1290 734 1360 ἀπὸ
790 1291 1114 1383 σπαρτίου
1168 1292 1291 1374 ἕως
1356 1298 1776 1385 σφυρωτῆρος
1839 1290 2259 1384 ὑποδήματος
2319 1289 2619 1384 λήψομαι

392 1394 533 1464 ἀπὸ
573 1394 839 1462 πάντων
880 1403 1011 1463 τῶν
1058 1402 1211 1480 σῶν,
1259 1399 1365 1464 ἵνα
1405 1399 1495 1488 μὴ
1537 1395 1732 1487 εἴπῃς
1773 1396 1879 1467 ὅτι
1908 1391 2069 1486 Ἐγὼ
2109 1393 2468 1466 ἑπλούτισα
2508 1395 2620 1464 τὸν

290 1519 359 1565 10
391 1498 667 1590 Ἄβραμ.
776 1499 1015 1588 Μπλὴν
1073 1493 1161 1567 ὧν
1218 1497 1461 1590 ἔφαγον
1514 1498 1580 1568 οἱ
1641 1499 1963 1569 νεανίσκοι
2020 1500 2134 1568 καὶ
2187 1503 2301 1590 τῆς
2353 1497 2621 1589 μερίδος

388 1606 521 1669 τῶν
567 1594 809 1692 ἀνδρῶν
851 1605 983 1668 τῶν
1026 1602 1614 1693 συμπορευθέντων
1648 1607 1785 1689 μετ’
1817 1604 1974 1690 ἐμοῦ
1986 1658 2004 1689 ,
2044 1597 2287 1687 Ἐσχώλ
2300 1658 2318 1690 ,
2366 1595 2616 1686 Λῦνάν,

388 1711 712 1796 ΙΠαμβρῆ·
758 1699 938 1774 οὗτοι
980 1703 1306 1797 λήψονται
1335 1704 1586 1796 μερίδα.
1685 1713 1710 1750 ¹
1722 1707 1888 1794 μετὰ
1925 1706 2000 1775 δὲ
2025 1707 2108 1774 τὰ
2136 1707 2386 1798 ῥήματα
2413 1709 2618 1774 ταῦτα
2650 1708 2739 1778 15

390 1807 667 1899 ἐγενήθη
716 1813 887 1900 ῥῆμα
954 1807 1172 1899 κυρίου
1240 1810 1410 1899 πρὸς
1460 1807 1719 1901 Ἄβραν
1785 1810 1853 1878 ἐν
1905 1808 2182 1901 ὁράματι
2242 1811 2441 1898 λέγων
2496 1811 2619 1904 Μὴ

390 1919 603 2002 φοβοῦ
618 1967 636 1998 ,
696 1910 957 2003 Ἅβραμ
972 1935 988 1952 ·
1031 1911 1156 1999 ἐγὼ
1200 1909 1634 2002 ὖπερασπίζω
1681 1931 1800 1982 σου
1813 1937 1828 1954 ·
1873 1912 1912 1983 6
1952 1911 2203 2000 μισθός
2249 1937 2368 1984 σου
2410 1915 2619 1995 πολὺς

288 2037 354 2083 15
391 2010 577 2082 ἔσται
632 2011 909 2105 σφόδρα.
1006 2017 1033 2056 ²
1048 2013 1222 2102 λέγει
1279 2016 1353 2084 δὲ
1405 2014 1666 2106 Ἄβραμ
1714 2018 2036 2086 Δέσποτα
2096 2013 2299 2108 κύριε,
2381 2015 2449 2086 τί
2500 2042 2618 2104 μοι

390 2117 658 2202 δώσεις,·
725 2118 849 2206 ἐγώ
893 2117 967 2186 δὲ
1012 2111 1385 2205 ἀπολύομαι
1440 2116 1737 2200 ἄτεκνος·
1807 2117 1846 2188 6
1902 2122 1977 2190 δὲ
2032 2118 2175 2202 υἱὸς
2216 2120 2458 2190 Μασὲκ
2497 2126 2620 2212 ᾔῆς

2355 2289 2388 2328 ο

534 2348 564 2401 1
603 2357 831 2416 υψηστω
864 2349 893 2401 t
922 2351 931 2414 Ι
965 2347 993 2402 1
1036 2364 1248 2402 εκτισεν
1284 2347 1361 2402 Ar
1391 2350 1401 2414 Ι
1447 2348 1537 2416 112
1576 2351 1950 2418 ευλογημενος
1982 2349 2095 2403 mtz
2141 2349 2150 2417 Ι
2193 2348 2229 2402 2
2259 2351 2386 2404 ante
2419 2369 2452 2403 ο
2486 2356 2617 2410 θεος

394 2435 456 2500 -Ι-
487 2451 671 2509 κυριος
706 2449 735 2488 c
764 2432 775 2505 Ι
805 2433 839 2487 2
879 2445 1130 2504 υψηστος
1164 2435 1192 2489 t
1223 2435 1231 2504 Ι
1262 2435 1296 2489 2
1335 2435 1660 2509 παρεδωκεν
1689 2434 1793 2489 Ast
1816 2433 1987 2505 [με
2005 2433 2064 2506 b]
2083 2475 2097 2500 ,
2132 2435 2334 2490 εδωκεν
2367 2437 2432 2490 ut
2463 2435 2615 2492 uide-

392 2520 482 2573 tur
514 2520 565 2573 D
598 2521 740 2574 teste
778 2518 978 2575 Grabi'o
1019 2520 1292 2590 [superest
1326 2521 1444 2592 κεν]
1501 2521 1511 2591 Ι
1564 2520 1600 2573 2
1639 2527 1842 2596 εχθρυς
1878 2536 1912 2576 a
1964 2523 1974 2587 Ι
2027 2523 2064 2577 3
2103 2540 2212 2575 υπο
2258 2539 2453 2596 χειρας
2482 2525 2566 2577 mt
2601 2522 2612 2595 Ι

387 2605 422 2660 3
457 2620 565 2659 σου
602 2622 659 2660 cz
692 2608 700 2676 Ι
744 2608 779 2662 3
815 2626 963 2676 αυτῳ
1000 2608 1127 2661 ante
1164 2627 1279 2661 απο
1318 2611 1399 2663 mt
1434 2609 1445 2677 Ι
1488 2609 1522 2661 3
1559 2614 1746 2683 αβραμ
1784 2616 1853 2668 >
1890 2606 2080 2663 ADarz
2111 2608 2121 2675 Ι
2152 2608 2187 2662 3
2220 2608 2450 2667 δεκατας
2481 2612 2566 2663 mt
2601 2608 2612 2681 Ι

386 2690 423 2744 4
460 2708 619 2745 ειπεν
656 2692 761 2745 Art
795 2691 1043 2762 [t²=b]
1076 2693 1086 2762 Ι
1114 2694 1152 2748 4
1188 2694 1315 2747 ante
1351 2693 1608 2761 βασιλευς
1645 2696 1708 2759 -Ι-
1747 2712 1778 2745 ο
1812 2694 1863 2747 D
1906 2692 2022 2765 [Gn]
2066 2686 2134 2763 c]
2162 2693 2200 2748 4
2231 2694 2509 2767 σοδωμον
2531 2699 2614 2759 r¹,

390 2792 533 2830 nunc
573 2796 617 2829 ω
652 2777 891 2832 radendo
926 2778 984 2832 in
1020 2798 1051 2831 ο
1076 2781 1344 2833 mutatum
1361 2822 1374 2843 ,
1415 2798 1445 2831 ο
1470 2778 1702 2833 alterum
1725 2795 1835 2833 non
1856 2781 2150 2834 correctum
2177 2780 2188 2849 Ι
2217 2779 2255 2834 4
2275 2787 2500 2856 αβρααμ
2515 2797 2574 2835 m
2600 2781 2610 2853 Ι

388 2862 421 2915 5
460 2880 587 2921 τους
622 2864 848 2935 ανδρας]
884 2863 1091 2933 Aquila
1126 2882 1227 2932 την
1260 2875 1472 2934 ψυχην,
1511 2863 1863 2934 Symmachus
1897 2885 1994 2926 τας
2028 2875 2213 2934 ψυχας
2246 2893 2311 2905 -
2347 2866 2490 2920 testo
2523 2865 2559 2921 b
2599 2864 2609 2937 Ι

388 2948 421 3001 5
462 2948 699 3019 σεαυτῳ]
738 2966 879 3019 μετα
916 2965 1148 3003 σεαυτου
1182 2966 1211 3004 1·
1248 2951 1257 3020 Ι
1303 2950 1337 3005 5
1374 2967 1535 3004 ειπεν
1568 2950 1674 3005 Art
1711 2951 1882 3021 [t²=
1901 2950 1959 3021 b]
1996 2952 2005 3020 Ι
2047 2953 2081 3006 6
2117 2968 2216 3004 τον
2249 2962 2317 3011 >
2354 2949 2454 3005 AD
2493 2950 2610 3023 [en]

386 3036 527 3088 mrtz
581 3036 591 3103 Ι
645 3035 680 3088 6
719 3052 912 3110 γκυριον
943 3045 1012 3094 >
1047 3034 1146 3089 AJ)
1187 3035 1302 3106 [an]
1340 3037 1505 3093 cmrtz
1558 3038 1569 3107 Ι
1625 3037 1658 3091 7
1694 3054 1908 3093 εκτισεν
1946 3036 2046 3092 AD
2085 3036 2356 3106 [superest
2388 3036 2470 3107 εν]
2507 3054 2537 3091 r
2597 3036 2607 3109 Ι

387 3119 423 3172 8
458 3120 755 3195 σπαρτιου]
794 3119 995 3190 Aquila
1045 3140 1366 3196 ραμματος,
1434 3121 1785 3192 Symmachus
1831 3140 2076 3194 νηματος
2123 3153 2191 3163 —-
2238 3126 2382 3179 teste
2429 3123 2493 3179 b.
2552 3122 2614 3179 in

386 3206 635 3275 margine
656 3223 685 3260 1·
720 3226 791 3260 ακ
827 3203 1104 3280 ῥοίματος.
1147 3223 1217 3262 συ
1255 3226 1499 3281 νηματος
1541 3210 1551 3278 Ι
1593 3210 1628 3263 8
1663 3224 2053 3283 σφαιρωτηρος
2080 3207 2131 3263 A
2167 3209 2231 3279 [σ
2259 3210 2409 3280 prius
2449 3226 2612 3276 „ma-

388 3308 490 3346 nus
525 3294 701 3361 prima
733 3293 825 3347 uel
859 3293 1085 3364 antiqua
1099 3300 1131 3325 “
1170 3311 1330 3364 super
1362 3311 1580 3351 uersum
1618 3295 1859 3365 scripsit]
1875 3334 1891 3360 ,
1931 3311 2273 3371 σφεραπηρος
2309 3298 2360 3351 D
2399 3296 2516 3369 [en]
2552 3314 2582 3353 c
2597 3336 2612 3351 .

386 3394 770 3452 σφαιρωτηρος
804 3382 910 3434 mt.
949 3400 1289 3456 φαιρωτηρος
1321 3399 1373 3447 r,
1410 3382 1507 3436 sed
1540 3398 1733 3436 manus
1771 3382 1947 3451 prima
1978 3380 2170 3436 literae
2209 3402 2256 3453 φ
2299 3398 2460 3453 super
2489 3399 2611 3438 uer-

386 3480 507 3519 sum
543 3479 580 3518 σ
612 3465 892 3534 praefixit.
957 3482 1326 3541 σφαιροτηρος
1360 3485 1412 3523 z.
1447 3469 1507 3522 in
1542 3468 1785 3538 margille
1810 3485 1839 3521 r
1871 3486 2110 3542 ιμαντος
2142 3470 2201 3522 et
2234 3484 2356 3522 mox
2404 3487 2612 3542 ιμαντα

382 3569 529 3612 τινες
567 3566 965 3625 ερμηνευουσιν
988 3571 1157 3605 αυτου
1176 3572 1241 3606 το
1270 3555 1543 3627 υποδημα
1561 3595 1575 3609 .
1613 3553 1807 3619 „schol
1833 3568 2168 3629 σφυρωτηρα
2189 3554 2252 3608 δε
2278 3571 2378 3607 τον
2401 3572 2612 3625 ιμαντα

383 3656 486 3689 του
530 3635 941 3709 υποδηματος“
976 3636 1011 3692 b
1074 3639 1083 3707 Ι
1150 3638 1184 3691 8
1220 3640 1592 3711 υποδηματος
1626 3650 1695 3699 >
1725 3657 1755 3694 z
1809 3640 1818 3709 Ι
1886 3639 1921 3693 8
1955 3643 2255 3711 λημψομαι
2292 3638 2391 3693 AD
2435 3639 2551 3710 [Gn]
2597 3637 2606 3709 Ι

382 3722 417 3775 9
452 3738 697 3777 πανπων
733 3720 769 3776 b
806 3738 980 3777 errore
1015 3724 1339 3795 typographi
1371 3726 1379 3795 Ι
1423 3726 1456 3778 9
1496 3727 1811 3793 επλουτησα
1847 3726 1959 3780 cmt
1972 3764 1986 3789 ,
2036 3728 2381 3778 πεπλουτικα
2414 3743 2446 3779 r
2459 3764 2473 3789 ‚
2509 3742 2612 3779 πε-

383 3811 675 3874 πλουτηκα
694 3825 723 3861 z
742 3807 969 3879 [D=b]
1003 3812 1010 3878 Ι
1046 3810 1110 3864 11
1137 3814 1337 3881 εισχωλ
1352 3809 1420 3875 Α,
1446 3814 1618 3880 εσχολ
1642 3812 1781 3865 mtz.
1817 3812 1996 3881 εσχωλ
2019 3812 2148 3879 post
2164 3828 2340 3863 αυναν
2365 3825 2410 3874 r,
2431 3810 2524 3879 qui
2541 3809 2612 3863 ad

382 3884 561 3947 αυναν
579 3892 841 3949 adscribit
855 3901 1070 3971 βοτρυς,
1092 3894 1163 3950 ad
1180 3901 1355 3965 εσχωλ
1374 3912 1500 3951 uero
1525 3896 1736 3965 ψευδος
1760 3898 1770 3965 Ι
1806 3896 1870 3951 11
1899 3914 2077 3949 αυναν
2098 3893 2372 3959 Aabmrtz,
2390 3912 2522 3969 ανερ
2547 3893 2606 3964 cl
2708 3931 2715 3937 -

380 3978 450 4033 12
486 3986 717 4053 μαμβρι
754 3982 805 4043 t,
856 3962 1029 4055 μαυρι
1064 4000 1093 4035 z
1145 3984 1155 4048 Ι
1207 3981 1272 4036 12
1308 3985 1628 4054 λημψονται
1663 3982 1764 4036 AD
1805 3982 1914 4051 [GR]
1965 3985 1975 4049 Ι
2026 3982 2094 4036 12
2126 3982 2254 4049 post
2294 3980 2504 4053 μεριδα
2541 3982 2608 4048 -Ι-

380 4083 563 4118 amm
596 4067 709 4119 mrt
763 4066 772 4135 Ι
823 4066 892 4120 13
928 4084 1146 4136 εγενετο
1180 4070 1265 4122 mt
1316 4070 1326 4136 Ι
1382 4068 1450 4123 13
1483 4069 1612 4136 post
1648 4086 1891 4139 οραματι
1930 4068 1997 4135 -Ι-
2032 4084 2124 4133 της
2152 4082 2354 4123 νυκτος
2391 4067 2533 4119 amtz
2595 4065 2606 4137 Ι

380 4152 449 4204 13
486 4153 660 4221 λεγον
694 4152 805 4215 mt,
841 4156 1021 4221 λεγων
1056 4156 1182 4208 ante
1219 4171 1281 4207 εν
1316 4171 1556 4226 οραματι
1594 4170 1623 4205 z
1653 4153 1664 4220 Ι
1697 4153 1766 4205 14
1801 4172 1880 4223 φο
1919 4168 1954 4205 a
1986 4150 2113 4221 [sic]
2143 4153 2154 4217 Ι
2201 4149 2375 4217 14154,
2401 4150 2436 4205 8
2471 4166 2608 4221 quac

374 4235 522 4290 inter
562 4239 656 4296 λυς
690 4237 839 4291 uocis
876 4240 1049 4298 πολυς
1085 4241 1155 4296 14
1189 4242 1245 4295 et
1278 4254 1379 4293 σου
1425 4239 1496 4293 54
1509 4277 1523 4300 ,
1559 4238 1596 4291 8
1638 4236 1817 4291 media
1863 4238 1994 4290 sunt
2033 4234 2139 4304 [his
2177 4233 2401 4304 syllabis
2433 4235 2608 4293 inclu-

374 4321 507 4392 ³121,
546 4322 825 4391 perierunt
858 4320 918 4376 in
942 4322 1033 4390 ΑΙ
1064 4328 1133 4382 15
1163 4342 1313 4396 κυριε
1347 4333 1417 4384 >
1446 4325 1588 4377 cmtz
1616 4324 1626 4389 Ι
1659 4322 1726 4379 16
1762 4323 1826 4377 δε
1860 4321 2087 4376 alterum
2121 4331 2190 4380 >
2219 4337 2248 4373 z
2279 4322 2288 4386 Ι
2321 4321 2390 4377 16
2423 4339 2610 4395 μασεχ

376 4422 446 4476 ay
507 4410 518 4473 Ι
578 4407 700 4477 1611
737 4405 983 4478 „Aquila
1028 4428 1059 4463 ο
1097 4429 1215 4470 υιος
1248 4430 1347 4465 του
1383 4410 1700 4472 ποτιζοντος
1741 4426 1928 4463 οικιαν
1971 4427 2086 4481 μου
2104 4449 2116 4461 .
2185 4405 2480 4465 Theodotio
2513 4427 2608 4465 και
