3169 4941
1279 436 1506 493 Genesis
1541 439 1629 494 30.
1668 437 1756 493 31.
2529 435 2629 493 121

344 620 366 663 1
403 596 689 665 ἐνώπιον
732 604 862 665 τῶν
897 594 1151 692 ῥάβδων
1191 595 1516 667 ἐλθόντων
1551 591 1761 666 αὐτῶν
1802 595 1899 677 εἰς
1938 596 2015 667 τὸ
2060 603 2240 667 πιεῖν
2257 652 2272 681 ,
2328 596 2631 687 ἕγκισσή-

405 724 572 769 σωσι
632 703 715 769 τὰ
778 700 1084 791 πρόβατα
1143 699 1238 781 εἰς
1297 702 1420 782 τὰς
1475 697 1773 791 ῥάβδους.
1892 703 2075 771 39καὶ
2132 700 2473 770 ἐνεκίσσων
2544 703 2627 769 τὰ

404 800 712 894 πρόβατα
755 804 849 887 εἷς
890 806 1008 885 τὰς
1050 802 1352 909 ῥάβδους,
1407 806 1518 873 καὶ
1551 802 1807 874 ἔτικτον
1854 806 1938 875 τὰ
1982 802 2287 896 πρόβατα
2328 802 2632 874 διάλευκα

409 909 526 978 καὶ,
577 907 852 979 ποικίλα
913 908 1026 977 καὶ
1065 911 1428 1000 σποδοειδῆ
1479 906 1697 999 ραντά.
1793 910 2016 992 “weg
2072 909 2146 979 δὲ
2206 905 2449 996 άμνούς
2498 909 2633 978 διέ-

338 1031 368 1077 5
407 1014 654 1082 στειλεν
696 1007 932 1100 Ἰακώβ
946 1065 963 1096 ,
1042 1012 1153 1081 καὶ
1215 1011 1480 1104 ἔστησεν
1525 1012 1817 1082 ἐναντίον
1874 1018 2001 1082 τῶν
2061 1011 2408 1104 προβάτων
2451 1014 2632 1104 κριὸν

405 1117 734 1185 διάλευκον
779 1118 892 1185 καὶ
934 1122 1070 1184 πᾶν
1113 1115 1418 1186 ποικίλον
1465 1118 1534 1186 ἕν
1577 1123 1722 1198 τοῖς
1775 1114 2036 1203 άμνοῖς·
2104 1118 2216 1187 καὶ
2266 1114 2633 1207 διεχώρισεν

407 1217 611 1309 ἑαυτῷ
662 1219 943 1305 ποίμνια
997 1214 1154 1289 καθ’
1213 1218 1436 1290 ἑαυτόν
1453 1275 1470 1306 ,
1547 1221 1659 1289 καὶ
1713 1218 1827 1289 οὐκ
1888 1220 2105 1309 ἔμιξεν
2169 1220 2333 1291 αὐτὰ
2398 1219 2494 1303 εἶς
2550 1220 2633 1289 τὰ

405 1321 710 1415 πρόβατα
765 1321 1026 1412 Λάβαν.
1122 1330 1183 1369 4¹
1201 1326 1452 1413 ἐγένετο
1508 1326 1582 1394 δὲ
1639 1324 1707 1395 ἐν
1760 1334 1857 1416 τῷ
1918 1333 2121 1417 καιρῷ
2177 1320 2233 1416 ᾦ
2286 1324 2631 1394 ἐνεκίσσων

404 1430 486 1497 τὰ
531 1428 839 1518 πρόβατα
869 1428 938 1496 ἒν
968 1429 1198 1519 γαστρὶ
1232 1426 1647 1516 λαμβάνοντα
1677 1428 1918 1521 ἔθηκεν
1957 1423 2180 1516 Ἰακὼβ
2213 1430 2333 1510 τὰς
2360 1429 2633 1519 ῥάβδους

307 1550 370 1597 10
403 1530 699 1601 ἐναντίον
740 1542 870 1601 τῶν
910 1530 1264 1623 προβάτων
1305 1533 1376 1601 ἐν
1415 1539 1558 1614 τοῖς
1602 1536 1819 1624 ληνοῖς
1835 1588 1850 1617 ,
1896 1538 2012 1603 τοῦ
2040 1533 2423 1623 ἑγκισσῆσαι
2464 1530 2629 1601 αὐτὰ

403 1636 571 1704 κατὰ
627 1637 747 1718 τὰς
797 1633 1087 1726 ῥάβδους.
1182 1642 1244 1681 4²
1270 1634 1458 1728 ἡνίκα
1506 1631 1564 1705 δ’
1624 1636 1702 1705 ἂν
1756 1635 1937 1706 ἔτεκε
1972 1638 2056 1706 τὰ
2098 1634 2435 1727 πρόβατα,
2513 1635 2631 1705 οὐκ

402 1739 617 1809 ἐτίθει
637 1765 652 1779 ·
699 1740 948 1829 ἐγένετο
993 1742 1066 1810 δὲ
1109 1742 1192 1809 τὰ
1234 1740 1354 1826 μὲν
1395 1738 1614 1832 ἄσημα
1652 1748 1769 1810 τοῦ
1800 1742 2047 1828 Λάβαν
2060 1795 2076 1826 ,
2124 1742 2207 1809 τὰ
2234 1741 2309 1809 δὲ
2337 1738 2631 1830 ἐπίσημα

401 1852 515 1913 τοῦ
541 1838 785 1929 Ἰακώβ.
836 1849 895 1889 ⁴⁸
908 1845 1022 1913 καὶ
1053 1842 1448 1935 ἐπλούτησεν
1475 1843 1512 1913 ὁ
1529 1843 1893 1935 ἄνθρωπος
1910 1846 2168 1936 σφόδρα
2194 1845 2451 1936 σφόδρα
2470 1871 2485 1885 ·
2519 1842 2633 1911 καὶ

403 1943 652 2033 ἐγενετο
692 1940 870 2037 αὐτῷ
911 1946 1106 2037 κτήνη
1153 1947 1370 2016 πολλὰ
1407 1948 1520 2015 καὶ
1549 1944 1705 2034 βόες
1732 1949 1842 2017 καὶ
1872 1950 2110 2030 παῖδες
2138 1948 2250 2016 καὶ
2280 1946 2631 2016 παιδίσκαι

305 2071 366 2117 15
402 2050 516 2117 καὶ
569 2047 841 2141 κάμηλοι
897 2050 1012 2118 καὶ
1067 2049 1221 2119 ὄνοι.
1319 2056 1344 2094 ²
1373 2049 1605 2141 ἤκουσε
1653 2053 1727 2120 δὲ
1765 2050 2005 2139 Ἰακώβ
2064 2052 2148 2121 τὰ
2208 2050 2463 2142 ῥήματα
2505 2058 2633 2121 τῶν
2662 2052 2751 2120 31

400 2154 556 2224 υἱῶν
586 2152 832 2242 Λάβαν
875 2152 1188 2242 λεγόντων
1229 2152 1510 2246 Εἴληφεν
1543 2154 1788 2242 Ἰακώβ
1831 2157 2050 2225 πάντα
2085 2157 2175 2244 ,τὰ
2217 2162 2333 2224 τοῦ
2378 2155 2633 2245 πατρὸς

399 2258 609 2350 ἡμῶν,
685 2258 799 2326 καὶ
851 2258 926 2327 ἐκ
982 2264 1108 2326 τῶν
1167 2266 1279 2327 τοῦ
1335 2260 1589 2349 πατρὸς
1642 2259 1823 2349 ἡμῶν
1877 2259 2205 2351 πεποίηκε
2250 2268 2476 2328 πᾶσαν
2520 2260 2632 2350 τὴν

400 2359 595 2445 δόξαν
635 2358 889 2452 ταύτην.
986 2367 1012 2406 ²
1030 2362 1142 2430 καὶ
1184 2356 1356 2431 εἶδεν
1390 2360 1632 2449 Ἰακώβ
1670 2364 1747 2431 τὸ
1796 2360 2159 2453 πρόσωπον
2198 2369 2315 2432 τοῦ
2360 2361 2626 2449 Λάβαν,

546 2556 576 2610 1
615 2557 744 2623 post
776 2555 1200 2629 ραβδων-Ι-και
1235 2555 1284 2609 A
1314 2556 1321 2625 Ι
1356 2557 1385 2610 1
1425 2557 1699 2610 ιτιυτονΕι
1730 2559 1739 2626 Ι
1771 2559 1800 2610 1
1839 2574 1917 2615 εις
1951 2566 2179 2616 το>ῐῑι
2210 2559 2219 2623 Ι
2253 2557 2283 2611 1
2325 2575 2511 2610 πινειν
2545 2573 2573 2610 z
2613 2555 2621 2626 Ι

405 2643 493 2708 112
517 2656 920 2709 ενκισσησωσιν
942 2639 1006 2704 A,
1047 2658 1452 2709 εκκισσησωσιν
1469 2643 1532 2708 Ε,
1560 2658 1902 2712 εγκισησωσι
1926 2645 2022 2705 mt,
2050 2657 2315 2712 εγγισωσι
2349 2661 2377 2695 z
2397 2641 2509 2715 l2l3
2532 2662 2628 2696 και

403 2743 573 2798 usque
607 2728 846 2802 ραβδους
878 2737 945 2787 >
979 2727 1156 2798 Aacyz
1222 2729 1228 2798 Ι
1286 2732 1320 2785 2
1353 2729 1470 2783 loeo
1518 2744 1818 2784 ενεκισσων
1859 2730 1903 2783 Ε
1953 2732 2228 2783 ελθοντων
2264 2747 2343 2788 εις
2375 2749 2437 2783 το
2474 2747 2627 2784 πιειν

405 2829 708 2881 εκισσησαν
757 2815 770 2882 Ι
839 2815 874 2868 3
909 2818 1035 2883 post
1063 2823 1314 2890 προβατα
1351 2817 1581 2870 alterum
1619 2818 1685 2884 -Ι-
1723 2819 1952 2870 ποικιλα
1989 2816 2033 2869 Ε
2100 2815 2108 2884 Ι
2173 2817 2211 2871 4
2244 2816 2481 2870 σποδοει
2517 2815 2565 2870 Α
2589 2821 2627 2878 ¹,

404 2900 580 2969 prima
616 2916 782 2954 manu
829 2905 1152 2956 correctum.
1210 2903 1396 2970 σποδη
1432 2903 1538 2956 2²?
1604 2904 1612 2967 Ι
1678 2904 1714 2959 4
1766 2903 1829 2956 δε
1869 2912 1935 2960 >
1973 2902 2018 2958 Ε
2067 2904 2075 2969 Ι
2136 2903 2169 2956 5
2206 2903 2450 2971 εστησεν]
2492 2908 2627 2969 εθη-

405 3004 500 3040 κεν
531 3003 588 3040 oz
637 2989 646 3052 Ι
695 2987 728 3040 5
765 3005 1029 3041 εναντιων
1062 2990 1089 3041 t
1119 2988 1130 3057 Ι
1177 2989 1209 3043 5
1244 2993 1445 3063 κροιῶν
1475 3007 1502 3042 z
1534 2991 1544 3054 Ι
1575 2992 1611 3044 6
1646 3009 1741 3043 και
1777 2991 2170 3060 παμποικιλον
2203 3005 2259 3042 m
2302 2988 2311 3059 Ι
2354 2992 2389 3045 6
2426 2989 2627 3057 διεχω-

409 3089 576 3139 ρησεν
609 3075 666 3127 tz
696 3073 706 3141 Ι
736 3073 771 3127 8
812 3076 938 3142 post
973 3093 1147 3148 καιρῳ
1185 3077 1252 3143 -Ι-
1286 3093 1346 3128 εν
1382 3092 1463 3140 m,
1501 3077 1565 3144 ·†·
1608 3095 1799 3130 εκεινω
1834 3093 1863 3129 z
1894 3077 1903 3144 Ι
1934 3075 1969 3129 8
2007 3095 2049 3144 ῳ
2091 3076 2409 3144 ενεκισσων]
2451 3075 2523 3134 ὥς
2558 3073 2629 3128 ἂν

409 3160 665 3226 ἐκίσσησε
685 3178 713 3213 z
745 3161 754 3229 Ι
785 3162 820 3215 9
854 3178 888 3213 ν
921 3161 1068 3215 uocis
1105 3179 1165 3215 εν
1203 3161 1262 3215 in
1295 3178 1484 3217 rasura
1521 3163 1594 3217 A:
1637 3164 1883 3218 fueratne
1917 3162 1997 3231 y?
2038 3164 2047 3231 Ι
2100 3162 2133 3216 9
2170 3165 2294 3232 post
2330 3169 2529 3230 εθηκεν
2561 3164 2627 3229 -Ι-

409 3247 470 3300 δε
501 3247 548 3300 Ε
602 3249 611 3312 Ι
668 3247 736 3303 10
770 3265 1031 3300 εναντιων
1064 3249 1091 3303 t
1135 3251 1143 3314 Ι
1200 3249 1268 3303 10
1302 3269 1416 3309 τοις
1451 3249 1547 3314 bc,
1586 3270 1705 3310 ταις
1739 3250 2009 3319 AEmtyz.
2046 3250 2284 3304 aldinam
2318 3250 2409 3304 uix
2445 3249 2630 3304 dubito

407 3353 530 3394 ταις
558 3334 794 3389 uoluisse
810 3374 823 3398 ,
859 3350 984 3388 nam
1025 3350 1084 3388 aa
1119 3351 1410 3405 numquam
1447 3352 1544 3405 pro
1577 3357 1663 3398 οις
1695 3337 1955 3405 seriptum
1991 3351 2076 3390 me
2102 3336 2334 3406 reperire
2370 3337 2590 3391 memini
2617 3335 2625 3406 Ι

410 3420 478 3474 10
515 3436 838 3487 ενκισσησαι
873 3418 946 3484 A,
985 3436 1315 3491 εγγισσησαι
1351 3440 1382 3477 z
1435 3424 1445 3490 Ι
1495 3423 1562 3478 10
1600 3423 1761 3492 αυτα]
1802 3424 1947 3476 αὐτῶ
1980 3439 2034 3476 m
2088 3426 2098 3489 Ι
2153 3423 2216 3476 11
2256 3423 2293 3475 δ
2330 3441 2400 3475 αν
2438 3439 2630 3475 ετεκον

409 3506 511 3570 Ee,
564 3506 628 3559 δε
667 3524 844 3560 ennete
880 3525 930 3570 z,
974 3527 1083 3581 γαρ
1118 3526 1308 3562 ετεκον
1340 3507 1418 3572 A,
1472 3511 1588 3562 mt²
1611 3534 1681 3552 =
1705 3509 1741 3562 b
1781 3509 1983 3577 [ετεκεν
2016 3508 2099 3576 tl]
2174 3511 2183 3573 Ι
2251 3510 2319 3563 12
2356 3512 2515 3572 ετιθη
2548 3507 2575 3558 t
2617 3504 2624 3575 Ι

411 3594 480 3647 12
516 3610 624 3662 μεν
657 3602 726 3651 >
762 3591 1064 3663 AEacmtyz
1095 3594 1104 3663 Ι
1138 3597 1206 3650 12
1241 3594 1454 3665 ασημα]
1494 3593 1740 3664 „Aquila
1780 3606 1992 3664 οψιμα,
2043 3592 2393 3664 Symmachus
2440 3592 2627 3645 δευτε-

411 3682 666 3752 ρογονα“
705 3677 741 3730 b
785 3681 793 3744 Ι
838 3680 906 3735 12
933 3679 1060 3748 του]
1096 3699 1172 3732 τω
1207 3679 1251 3732 Ε
1297 3680 1308 3748 Ι
1349 3679 1417 3733 13
1453 3678 1575 3747 του]
1613 3699 1688 3732 τω
1723 3678 1768 3731 Ε
1808 3681 1818 3744 Ι
1853 3681 1935 3734 ,13
1973 3681 2295 3733 επλουτισεν
2334 3680 2399 3742 ΖΙ
2435 3678 2504 3733 14
2536 3695 2631 3729 και

410 3763 642 3831 primum
679 3773 746 3822 >
776 3764 820 3818 Ε
876 3769 884 3832 Ι
942 3766 1010 3821 14
1043 3783 1138 3817 και
1174 3765 1466 3818 secundum
1501 3767 1558 3818 et
1594 3765 1817 3819 tertium
1855 3774 1922 3823 >
1958 3780 1991 3818 a
2044 3766 2053 3832 Ι
2110 3763 2177 3818 14
2212 3783 2305 3817 και
2343 3761 2631 3816 seeundum

410 3859 479 3908 >
514 3853 630 3921 mty
695 3853 704 3916 Ι
777 3851 844 3905 15
879 3871 972 3904 και
1008 3851 1158 3919 prius
1192 3860 1258 3908 >
1295 3853 1474 3921 amtyz
1541 3853 1550 3916 Ι
1619 3852 1687 3906 15
1722 3853 1847 3919 post
1886 3869 2015 3904 ονοι
2058 3852 2122 3917 -Ι-
2161 3870 2253 3903 και
2290 3867 2515 3920 ημιονοι
2552 3863 2581 3898 e
2620 3845 2627 3913 Ι

413 3937 478 3990 15
519 3952 752 4002 ηκουσεν
785 3935 941 3990 ΑΕΐι1
973 3940 982 4002 Ι
1015 3939 1082 3992 16
1117 3954 1185 3989 τα
1220 3945 1289 3994 >
1330 3955 1359 3989 z
1391 3936 1398 4004 Ι
1447 3937 1514 3990 16
1556 3936 1765 4000 „litera
1800 3954 1845 3988 π
1883 3936 2031 3992 uocis
2066 3953 2276 4007 πατρος
2308 3948 2449 3986 nouo
2486 3934 2631 3986 atra-

410 4023 590 4076 mento
635 4020 868 4076 obducta
907 4025 993 4076 est
1041 4038 1076 4076 a
1111 4038 1274 4076 manu
1307 4021 1556 4074 recenti“
1595 4020 1645 4073 A
1710 4022 1719 4088 Ι
1788 4020 1853 4074 17
1906 4039 2001 4073 και
2056 4038 2117 4074 εκ
2149 4035 2262 4071 των
2295 4037 2395 4070 του
2429 4035 2635 4089 πατρος

411 4125 574 4177 ημων
607 4117 676 4167 >
713 4125 740 4160 z
793 4110 802 4176 Ι
856 4109 922 4163 17
961 4127 1024 4162 εκ
1055 4127 1165 4161 των
1199 4123 1362 4160 manu
1400 4105 1632 4160 secunda
1678 4105 1735 4158 in
1773 4120 1963 4160 rasura
1996 4104 2046 4157 A
2109 4102 2118 4170 Ι
2184 4104 2250 4155 17
2286 4119 2398 4154 των
2427 4111 2496 4160 >
2532 4100 2629 4171 ΕΙ

415 4194 480 4247 17
515 4210 826 4259 πεποιηκεν
858 4192 937 4258 A,
977 4208 1244 4261 εποιησεν
1277 4193 1352 4256 Ε,
1391 4206 1621 4258 εποιησε
1658 4207 1687 4243 z
1719 4193 1727 4255 Ι
1761 4192 1829 4246 18
1861 4207 2065 4255 ταυτην
2097 4196 2166 4246 >
2191 4189 2271 4240 mt
2302 4189 2310 4252 Ι
2343 4186 2410 4240 18
2445 4187 2635 4240 literae

414 4280 504 4332 ειδ
536 4279 688 4332 noeis
736 4280 888 4334 ειδεν
935 4296 1100 4336 manu
1130 4280 1306 4349 prima
1355 4278 1414 4331 in
1449 4292 1639 4331 rasura
1690 4278 1899 4344 septem
1933 4274 2318 4328 elementorum
2370 4273 2552 4341 capaci
2587 4271 2635 4326 A

411 4366 492 4419 ita.
508 4405 522 4430 ,
574 4367 640 4419 ut
675 4365 893 4433 singula
930 4366 1196 4421 elementa
1245 4365 1510 4432 rescripta
1545 4362 1795 4431 singulae
1837 4361 2029 4416 literae
2066 4357 2301 4412 radendo
2335 4357 2544 4414 deletae
2582 4360 2638 4414 et

414 4451 740 4521 praecedant
773 4453 832 4504 et
865 4455 1184 4524 sequantur.
1223 4452 1346 4506 ιδεν
1379 4450 1454 4504 ΕΖ
1486 4449 1494 4520 Ι
1531 4449 1597 4506 18
1622 4467 1721 4502 του
1755 4458 1822 4508 >
1862 4446 2065 4510 AEmz,
2102 4444 2269 4499 habet
2300 4445 2329 4498 t
