3169 4941
2486 433 2561 494 63

251 619 280 672 1
509 615 726 680 Omnes
773 635 914 698 erqo
966 612 1232 691 animae,
1291 635 1442 698 quae
1495 617 1799 697 inpressae
1850 616 1990 676 sunt
2046 632 2183 676 cum
2225 612 2403 676 Iacob
2441 609 2561 674 Ae-

329 724 584 803 qyptum
623 723 681 783 et
717 739 868 802 quae
909 721 1190 782 exierunt
1232 717 1306 781 de
1334 717 1687 799 femoribus
1728 720 1887 795 eius,
1945 717 2163 798 absque
2199 715 2561 780 mulimbus

317 821 602 904 filiorum
642 823 849 901 Iacob,
916 825 1150 886 animae
1187 826 1502 904 sewayinta
1518 841 1676 906 oseas.-
1726 821 1868 903 filii
1907 825 2106 884 autem
2145 819 2389 903 Ioseph,
2458 821 2567 901 qui

333 909 466 990 nat‘i
501 930 637 990 sunt
665 929 727 989 ei
760 927 826 988 in
853 925 1145 1010 Aeqypto,
1183 929 1419 990 animae
1446 927 1675 990 nouem.
1742 945 1941 989 omnes
1957 945 2097 1008 erqo
2129 927 2379 1001 animae,
2411 941 2561 1005 quae

247 1025 284 1080 5
335 1035 636 1113 inyressae
688 1035 828 1093 sunt
881 1050 1017 1094 cum
1071 1030 1246 1094 Iacob
1301 1028 1647 1114 Aeyyptum
1662 1078 1679 1107 ,
1740 1031 2115 1113 septuayinta
2174 1031 2231 1091 et
2286 1030 2555 1109 quinque.

337 1133 506 1217 quod
551 1134 806 1218 excepto
834 1132 1064 1217 Ioseph
1105 1135 1171 1198 et
1213 1131 1361 1198 filiis
1397 1132 1532 1198 eius
1577 1132 1908 1216 sexaginta
1938 1150 2044 1197 sex
2088 1130 2354 1208 animae,
2401 1147 2559 1213 quae

339 1255 628 1321 egressae
694 1239 844 1303 sunt
913 1235 990 1302 de
1049 1234 1395 1302 femoribus
1450 1236 1639 1302 Iacob
1657 1284 1673 1315 ‚
1758 1233 2121 1300 introierint
2174 1233 2558 1318 Aegyptum,

339 1339 516 1406 nulla
558 1338 866 1406 dubitatio
911 1341 1027 1406 est.
1113 1339 1206 1406 ita
1252 1339 1420 1406 enim
1467 1341 1532 1405 et
1575 1337 1883 1422 paulatim
1926 1357 2038 1422 per
2084 1337 2366 1422 singulos
2411 1355 2559 1421 sup-

335 1445 598 1530 putatus
651 1462 954 1528 numerus
995 1443 1318 1528 approbat,
1361 1444 1426 1509 et
1471 1443 1538 1508 in
1583 1442 1873 1509 hebraeis
1912 1441 2341 1508 uoluminibus
2380 1440 2562 1506 inue-

230 1553 304 1606 10
337 1549 525 1614 nitur.
610 1548 730 1614 hoc
765 1549 979 1614 autem
994 1595 1011 1626 ‚
1073 1545 1238 1631 quod
1281 1547 1348 1612 in
1396 1547 1570 1613 LXX
1608 1546 1881 1631 legimus
1907 1547 2048 1628 filii
2086 1551 2285 1611 autem
2329 1546 2559 1629 Ioseph,

337 1659 446 1737 qui
484 1656 620 1718 nati
667 1658 806 1717 sunt
845 1657 905 1716 ei
960 1656 1026 1716 in
1068 1652 1342 1736 Aeyypto
1357 1700 1376 1731 ,
1437 1655 1675 1716 animae
1717 1672 1958 1730 nouem,
2019 1650 2293 1716 sciamus
2332 1649 2398 1713 in
2441 1649 2557 1713 he-

336 1755 525 1822 braeo
567 1772 681 1839 pro
739 1773 970 1820 nouem
1026 1772 1161 1820 esse
1218 1753 1392 1820 duas,
1478 1753 1781 1839 Ephraim
1840 1751 2067 1839 quippe
2124 1756 2191 1820 et
2243 1753 2559 1830 Manasse,

337 1861 674 1943 antequam
713 1857 904 1924 Iacob
945 1857 1215 1924 intraret
1258 1856 1625 1942 Aegyptum
1668 1860 1734 1924 et
1776 1856 1963 1923 famis
2007 1859 2256 1942 tempus
2300 1856 2559 1941 ingrue-

336 1965 466 2044 ret,
511 1963 650 2029 nati
690 1963 840 2028 sunt
885 1959 961 2027 de
1004 1961 1289 2032 Aseneth
1332 1961 1466 2028 filia
1505 1962 1892 2046 Phutiphare
1936 1962 2003 2027 in
2046 1960 2357 2045 Aegypto.
2446 1959 2559 2025 sed

234 2069 304 2124 15
338 2069 406 2133 et
445 2066 608 2133 1111111
625 2115 640 2146 ,
690 2065 856 2152 quod
898 2084 1088 2149 supra
1121 2065 1398 2150 legimus
1437 2067 1610 2149 facti
1663 2071 1801 2132 sunt
1852 2071 2048 2132 autem
2081 2065 2222 2148 filii
2260 2068 2559 2144 Manae-ee,

339 2193 485 2257 quos
521 2176 732 2256 penu-it
791 2175 853 2235 ei
905 2173 1226 2236 concubina
1263 2171 1424 2254 Syra
1465 2173 1745 2236 Machir:
1798 2176 1856 2236 et
1894 2173 2140 2235 Machir
2190 2174 2401 2254 yenuit
2440 2171 2563 2236 Ga-

337 2277 512 2340 laad.-
537 2276 678 2358 filii
718 2279 916 2340 autem
943 2277 1241 2359 Ephraim
1262 2274 1497 2356 fratris
1524 2278 1809 2340 Manus-se
1850 2275 2165 2340 Sutalaam
2231 2279 2291 2338 et
2346 2276 2561 2338 Taam.
2553 2297 2566 2312 ·

322 2380 464 2462 filii
515 2402 660 2444 uero
717 2379 1030 2445 Sutalaam
1069 2380 1261 2443 Edem
1305 2377 1594 2445 additum
1638 2381 1767 2459 est,
1828 2377 1885 2444 si
1919 2375 2181 2472 19111113111
2235 2375 2333 2456 111,
2393 2377 2559 2461 quod

337 2487 558 2569 postea
599 2483 902 2571 1331111113,
947 2502 1126 2567 quasl
1167 2502 1282 2569 per
1321 2483 1835 2568 anticipationem
1870 2483 2111 2550 factum
2154 2501 2296 2576 esse
2324 2481 2561 2548 descri-

230 2590 304 2648 20
338 2590 526 2657 bitu'r.
615 2607 816 2673 neque
877 2588 1046 2654 3111111
1099 2591 1381 2674 tempore
1436 2587 1583 2667 isso,
1648 2606 1769 2673 quo
1823 2588 2149 2673 ingressus
2211 2567 2309 2653 est
2373 2586 2561 2652 Iacob

337 2694 703 2779 Aegyptum
721 2741 736 2772 ,
785 2692 917 2758 31113
963 2692 1188 2759 aetatis
1235 2692 1414 2759 erant
1456 2692 1760 2776 Ephraim
1802 2693 1868 2759 et
1904 2692 2233 2772 Manasse‚
2276 2694 2351 2758 ut
2394 2689 2563 2757 filios

340 2816 643 2884 generare
687 2796 1025 2882 potuerint.
1128 2816 1204 2863 ex
1245 2815 1366 2881 quo
1411 2796 1821 2863 manifestum
1865 2799 1991 2876 est,
2038 2814 2254 2863 omnes
2300 2796 2560 2874 animas,

341 2910 498 2986 qu‘ae
551 2904 874 2989 ingressae
935 2903 1085 2969 sunt
1121 2900 1490 2987 Aegyptum
1549 2901 1629 2968 de
1685 2900 2029 2969 femoribus
2087 2901 2308 2982 Iacob,
2366 2900 2561 2967 fuisse

340 3006 513 3073 LXX
527 3056 542 3085 ‚
602 3005 754 3072 dum
795 3004 1002 3073 LXVI
1055 3008 1275 3091 postea
1332 3006 1657 3090 ingressae
1716 3008 1865 3072 sunt
1920 3008 1987 3071 et
2028 3006 2439 3091 reppererunt
2496 3004 2562 3070 in

235 3113 306 3171 25
340 3109 633 3195 Aegypto
677 3112 809 3176 tres
853 3110 1127 3189 animas,
1172 3110 1402 3194 Ioseph
1445 3110 1695 3177 scilicet
1738 3128 1885 3178 cum
1930 3109 2172 3178 duobus
2216 3109 2363 3176 filiis
2406 3108 2561 3189 31113,

342 3215 846 3298 septuagesimus
902 3216 1115 3280 autem
1167 3214 1304 3297 ipse
1359 3214 1552 3281 fuerit
1593 3214 1802 3281 Iacob.
1911 3215 2075 3281 hanc
2118 3233 2283 3294 rem,
2340 3232 2420 3280 ne
2460 3214 2561 3279 ui-

267 3362 276 3371 -
343 3316 600 3385 deamur
641 3318 980 3384 aduersum
1021 3316 1366 3400 scripturae
1407 3319 1853 3385 auctoritatem
1894 3318 2068 3402 loqui
2082 3366 2099 3397 ‚
2154 3317 2350 3385 etiam
2391 3316 2563 3384 LXX

339 3421 712 3508 interpretes
753 3420 1218 3488 transtulerunt
1252 3420 1320 3487 in
1357 3422 1845 3490 Deuteronomio
1891 3422 2059 3505 quod
2096 3428 2161 3487 in
2207 3423 2400 3486 LXX
2435 3426 2563 3485 ani-

340 3529 552 3591 mabus
586 3531 892 3610 inyresm
935 3531 1022 3591 est
1058 3527 1295 3589 Israhel
1331 3530 1396 3588 in
1433 3526 1796 3610 Aeyyptum.
1908 3525 1964 3591 31
2008 3526 2145 3609 quis
2202 3524 2401 3611 igitur
2444 3542 2559 3589 no-

236 3646 308 3701 30
341 3632 510 3697 strae
555 3630 906 3697 sententiae
963 3630 1320 3714 refragatur
1335 3677 1350 3708 ,
1407 3630 1787 3714 scripturam
1841 3629 2006 3696 inter
2050 3649 2117 3696 se
2182 3629 2561 3695 contrariam

340 3733 548 3801 faciet.
652 3734 775 3817 ipsi
830 3733 1000 3799 enim
1041 3732 1213 3799 LXX
1271 3730 1652 3818 interpretes
1667 3782 1682 3813 ‚
1740 3734 1851 3816 qui
1899 3733 2003 3799 hic
2044 3732 2273 3800 LXXV
2316 3732 2561 3800 animas

484 3898 512 3951 1
548 3899 660 3949 Gen
693 3898 782 3963 46,
823 3896 892 3953 26
916 3895 983 3952 27
1015 3899 1024 3964 Ι
1059 3896 1126 3952 10
1158 3898 1268 3949 Gen
1296 3897 1384 3961 46,
1421 3898 1490 3953 27
1521 3897 1532 3966 Ι
1562 3897 1635 3952 28
1666 3899 1803 3950 Deut
1848 3898 1931 3964 10,
1964 3898 2035 3953 22

481 4045 512 4098 7
546 4045 840 4097 introierint
871 4050 953 4115 ρφ
1015 4043 1025 4112 1
1089 4042 1124 4097 9
1153 4044 1463 4111 approbabit
1497 4064 1544 4115 φ
1610 4043 1623 4113 Ι
1687 4042 1755 4099 12
1792 4060 1900 4097 esse
1953 4062 2050 4111 pro
2085 4060 2269 4098 nonem
2304 4044 2427 4097 duas
2462 4064 2509 4116 φ
2548 4044 2555 4115 Ι

341 4129 411 4184 14
445 4131 662 4182 asenech
695 4135 777 4201 βφ
808 4130 818 4197 Ι
851 4130 919 4185 14
952 4126 1265 4197 phutiphare
1301 4136 1364 4197 β,
1405 4131 1599 4196 petefre
1634 4150 1681 4201 φ
1714 4128 1723 4198 Ι
1758 4132 1822 4186 17
1858 4136 1974 4183 suta
2006 4132 2109 4183 lam
2141 4136 2240 4202 ‹p¹‚
2280 4136 2394 4183 suta
2427 4131 2560 4183 laam

340 4218 426 4287 φ’,
467 4216 750 4267 suthalaam
785 4216 860 4283 βΙ
929 4217 995 4270 17
1033 4219 1077 4267 ἃ
1112 4216 1215 4269 11αῆ
1249 4235 1324 4286 φ,
1363 4220 1387 4267 t
1421 4233 1570 4280 super
1606 4220 1650 4268 ἃ
1684 4222 1892 4280 scripto:
1928 4222 1980 4269 et
2014 4218 2188 4270 thaam
2221 4223 2258 4285 β
2288 4220 2297 4283 1
2330 4217 2397 4273 18
2416 4219 2559 4282 edem

339 4321 386 4374 φ
427 4302 436 4370 Ι
479 4301 550 4357 20
585 4302 678 4354 illo
714 4306 944 4370 tempore
983 4322 1026 4375 φ
1058 4300 1069 4371 Ι
1100 4301 1170 4358 26
1193 4312 1311 4366 poce
1343 4318 1407 4355 ne
1441 4303 1505 4373 †
1543 4304 1625 4355 cui
1660 4322 1705 4373 φ
1734 4303 1746 4369 Ι
1774 4303 1847 4360 28
1878 4305 1936 4356 111
1970 4306 2350 4358 deuteronomio
2388 4309 2555 4356 trans·

339 4388 568 4441 tulerunt
603 4407 648 4459 φ
