<?xml version="1.0" encoding="UTF-8"?>
<!DOCTYPE html PUBLIC "-//W3C//DTD XHTML 1.0 Transitional//EN"
    "http://www.w3.org/TR/xhtml1/DTD/xhtml1-transitional.dtd">
<html xmlns="http://www.w3.org/1999/xhtml" xml:lang="en" lang="en">
 <head>
  <title>
</title>
<meta http-equiv="Content-Type" content="text/html;charset=utf-8" />
  <meta name='ocr-system' content='tesseract 3.04.00' />
  <meta name='ocr-capabilities' content='ocr_page ocr_carea ocr_par ocr_line ocrx_word'/>
</head>
<body>
  <div class='ocr_page' id='page_1' title='image "./genesisgraeceef00unkngoog_0038.png"; bbox 0 0 3169 4941; ppageno 0'>
   <div class='ocr_carea' id='block_1_1' title="bbox 1309 451 2577 512">
    <p class='ocr_par' dir='ltr' id='par_1_1' title="bbox 1309 451 2577 512">
     <span class='ocr_line' id='line_1_1' title="bbox 1309 451 2577 512; baseline 0 -3"><span class='ocrx_word' id='word_1_1' title='bbox 1309 451 1538 510; x_wconf 74' lang='lat' dir='ltr'>Genesis</span> <span class='ocrx_word' id='word_1_2' title='bbox 1575 453 1628 512; x_wconf 85' lang='lat'><strong><em>3.</em></strong></span> <span class='ocrx_word' id='word_1_3' title='bbox 2512 452 2577 509; x_wconf 89' lang='lat'><strong><em>11</em></strong></span> 
     </span>
    </p>
   </div>
   <div class='ocr_carea' id='block_1_2' title="bbox 257 613 2590 2170">
    <p class='ocr_par' dir='ltr' id='par_1_2' title="bbox 257 613 2590 2170">
     <span class='ocr_line' id='line_1_2' title="bbox 283 613 2579 711; baseline 0 -24"><span class='ocrx_word' id='word_1_4' title='bbox 283 642 311 687; x_wconf 91' lang='lat'><strong>1</strong></span> <span class='ocrx_word' id='word_1_5' title='bbox 347 613 568 705; x_wconf 73' lang='grc' dir='ltr'><strong><em>Ἀδὰμ</em></strong></span> <span class='ocrx_word' id='word_1_6' title='bbox 619 613 810 688; x_wconf 80' lang='grc' dir='ltr'><strong><em>εἶπεν</em></strong></span> <span class='ocrx_word' id='word_1_7' title='bbox 839 615 988 689; x_wconf 84' lang='grc' dir='ltr'><strong><em>Ὅτι</em></strong></span> <span class='ocrx_word' id='word_1_8' title='bbox 1027 617 1311 710; x_wconf 67' lang='grc' dir='ltr'><strong><em>’ἤκουσας</em></strong></span> <span class='ocrx_word' id='word_1_9' title='bbox 1367 625 1483 710; x_wconf 80' lang='grc' dir='ltr'><strong><em>τῆς</em></strong></span> <span class='ocrx_word' id='word_1_10' title='bbox 1539 627 1756 710; x_wconf 79' lang='grc' dir='ltr'><strong><em>φωνῆς</em></strong></span> <span class='ocrx_word' id='word_1_11' title='bbox 1813 625 1928 711; x_wconf 87' lang='grc' dir='ltr'><strong><em>τῆς</em></strong></span> <span class='ocrx_word' id='word_1_12' title='bbox 1966 619 2265 708; x_wconf 84' lang='grc' dir='ltr'><strong><em>γυναικός</em></strong></span> <span class='ocrx_word' id='word_1_13' title='bbox 2304 640 2423 688; x_wconf 88' lang='grc' dir='ltr'><strong><em>σου</em></strong></span> <span class='ocrx_word' id='word_1_14' title='bbox 2466 620 2579 688; x_wconf 84' lang='grc' dir='ltr'><strong><em>καὶ</em></strong></span> 
     </span>
     <span class='ocr_line' id='line_1_3' title="bbox 348 717 2585 815; baseline 0 -23"><span class='ocrx_word' id='word_1_15' title='bbox 348 723 590 814; x_wconf 74' lang='grc' dir='ltr'><strong><em>ἔφαγες</em></strong></span> <span class='ocrx_word' id='word_1_16' title='bbox 630 717 773 792; x_wconf 85' lang='grc' dir='ltr'><strong><em>ἀπὸ</em></strong></span> <span class='ocrx_word' id='word_1_17' title='bbox 831 731 946 792; x_wconf 81' lang='grc' dir='ltr'><strong><em>τοῦ</em></strong></span> <span class='ocrx_word' id='word_1_18' title='bbox 1004 720 1192 807; x_wconf 81' lang='grc' dir='ltr'><strong><em>ξύλου</em></strong></span> <span class='ocrx_word' id='word_1_19' title='bbox 1249 718 1324 792; x_wconf 83' lang='grc' dir='ltr'><strong><em>οὗ</em></strong></span> <span class='ocrx_word' id='word_1_20' title='bbox 1373 720 1781 814; x_wconf 75' lang='grc' dir='ltr'><strong><em>ἐνετειλάμην</em></strong></span> <span class='ocrx_word' id='word_1_21' title='bbox 1825 747 1933 792; x_wconf 91' lang='grc' dir='ltr'><strong><em>σοι</em></strong></span> <span class='ocrx_word' id='word_1_22' title='bbox 1976 722 2204 793; x_wconf 82' lang='grc' dir='ltr'><strong><em>τούτου</em></strong></span> <span class='ocrx_word' id='word_1_23' title='bbox 2256 725 2455 810; x_wconf 84' lang='grc' dir='ltr'><strong><em>μόνου</em></strong></span> <span class='ocrx_word' id='word_1_24' title='bbox 2494 724 2585 815; x_wconf 84' lang='grc' dir='ltr'><strong><em>μὴ</em></strong></span> 
     </span>
     <span class='ocr_line' id='line_1_4' title="bbox 349 821 2587 919; baseline 0.001 -25"><span class='ocrx_word' id='word_1_25' title='bbox 349 833 584 917; x_wconf 80' lang='grc' dir='ltr'><strong><em>φαγεῖν</em></strong></span> <span class='ocrx_word' id='word_1_26' title='bbox 597 882 612 912; x_wconf 92' lang='grc'>,</span> <span class='ocrx_word' id='word_1_27' title='bbox 665 821 784 895; x_wconf 76' lang='grc' dir='ltr'><strong><em>ἀπ’</em></strong></span> <span class='ocrx_word' id='word_1_28' title='bbox 824 822 1018 896; x_wconf 75' lang='grc' dir='ltr'><strong><em>αὐτοῦ</em></strong></span> <span class='ocrx_word' id='word_1_29' title='bbox 1065 827 1332 919; x_wconf 69' lang='grc' dir='ltr'><strong><em>ἔφαγες,</em></strong></span> <span class='ocrx_word' id='word_1_30' title='bbox 1379 826 1861 919; x_wconf 72' lang='grc' dir='ltr'><strong><em>ἐπικατάρατος</em></strong></span> <span class='ocrx_word' id='word_1_31' title='bbox 1903 826 1942 919; x_wconf 81' lang='grc' dir='ltr'><em>ἡ</em></span> <span class='ocrx_word' id='word_1_32' title='bbox 1980 834 2059 919; x_wconf 80' lang='grc' dir='ltr'><strong><em>γῆ</em></strong></span> <span class='ocrx_word' id='word_1_33' title='bbox 2104 829 2171 896; x_wconf 76' lang='grc' dir='ltr'><strong><em>ἐν</em></strong></span> <span class='ocrx_word' id='word_1_34' title='bbox 2204 835 2346 911; x_wconf 80' lang='grc' dir='ltr'><strong><em>τοῖς</em></strong></span> <span class='ocrx_word' id='word_1_35' title='bbox 2374 827 2587 917; x_wconf 75' lang='grc' dir='ltr'><strong><em>ἔργοις</em></strong></span> 
     </span>
     <span class='ocr_line' id='line_1_5' title="bbox 351 925 2581 1024; baseline 0.001 -26"><span class='ocrx_word' id='word_1_36' title='bbox 351 955 502 999; x_wconf 85' lang='grc' dir='ltr'><strong><em>σου·</em></strong></span> <span class='ocrx_word' id='word_1_37' title='bbox 549 932 616 999; x_wconf 82' lang='grc' dir='ltr'><strong><em>έν</em></strong></span> <span class='ocrx_word' id='word_1_38' title='bbox 660 928 903 1013; x_wconf 78' lang='grc' dir='ltr'><em>λύπαις</em></span> <span class='ocrx_word' id='word_1_39' title='bbox 945 937 1120 1023; x_wconf 82' lang='grc' dir='ltr'><strong><em>φαγῇ</em></strong></span> <span class='ocrx_word' id='word_1_40' title='bbox 1162 925 1360 1022; x_wconf 69' lang='grc' dir='ltr'><strong><em>αὐτὴν</em></strong></span> <span class='ocrx_word' id='word_1_41' title='bbox 1402 929 1629 1012; x_wconf 85' lang='grc' dir='ltr'><strong><em>πάσας</em></strong></span> <span class='ocrx_word' id='word_1_42' title='bbox 1669 933 1789 1013; x_wconf 85' lang='grc' dir='ltr'><strong><em>τὰς</em></strong></span> <span class='ocrx_word' id='word_1_43' title='bbox 1832 930 2071 1024; x_wconf 79' lang='grc' dir='ltr'><strong><em>ἡμέρας</em></strong></span> <span class='ocrx_word' id='word_1_44' title='bbox 2102 940 2218 1022; x_wconf 82' lang='grc' dir='ltr'><strong><em>τῆς</em></strong></span> <span class='ocrx_word' id='word_1_45' title='bbox 2247 935 2409 1024; x_wconf 81' lang='grc' dir='ltr'><em>ζωῆς</em></span> <span class='ocrx_word' id='word_1_46' title='bbox 2437 955 2581 1000; x_wconf 91' lang='grc' dir='ltr'><strong><em>σου·</em></strong></span> 
     </span>
     <span class='ocr_line' id='line_1_6' title="bbox 285 1032 2585 1130; baseline -0.001 -22"><span class='ocrx_word' id='word_1_47' title='bbox 285 1060 316 1108; x_wconf 80' lang='grc'>5</span> <span class='ocrx_word' id='word_1_48' title='bbox 359 1041 423 1082; x_wconf 77' lang='lat'><strong><em>¹⁸</em></strong></span> <span class='ocrx_word' id='word_1_49' title='bbox 435 1032 734 1117; x_wconf 80' lang='grc' dir='ltr'><strong><em>ἀκάνθας</em></strong></span> <span class='ocrx_word' id='word_1_50' title='bbox 777 1037 886 1104; x_wconf 78' lang='grc' dir='ltr'><strong><em>καὶ</em></strong></span> <span class='ocrx_word' id='word_1_51' title='bbox 922 1034 1261 1127; x_wconf 84' lang='grc' dir='ltr'><em>τριβόλους</em></span> <span class='ocrx_word' id='word_1_52' title='bbox 1303 1033 1601 1105; x_wconf 81' lang='grc' dir='ltr'><strong><em>ἀνατελεῖ</em></strong></span> <span class='ocrx_word' id='word_1_53' title='bbox 1641 1058 1750 1105; x_wconf 92' lang='grc' dir='ltr'><strong><em>σοι</em></strong></span> <span class='ocrx_word' id='word_1_54' title='bbox 1765 1091 1781 1120; x_wconf 86' lang='grc'><em>,</em></span> <span class='ocrx_word' id='word_1_55' title='bbox 1832 1037 1943 1105; x_wconf 84' lang='grc' dir='ltr'><strong><em>καὶ</em></strong></span> <span class='ocrx_word' id='word_1_56' title='bbox 1988 1043 2163 1130; x_wconf 83' lang='grc' dir='ltr'><strong><em>φαγῇ</em></strong></span> <span class='ocrx_word' id='word_1_57' title='bbox 2203 1039 2316 1106; x_wconf 84' lang='grc' dir='ltr'><strong><em>τὸν</em></strong></span> <span class='ocrx_word' id='word_1_58' title='bbox 2352 1033 2585 1127; x_wconf 80' lang='grc' dir='ltr'><strong><em>χόρτον</em></strong></span> 
     </span>
     <span class='ocr_line' id='line_1_7' title="bbox 351 1136 2587 1232; baseline 0 -24"><span class='ocrx_word' id='word_1_59' title='bbox 351 1146 470 1208; x_wconf 71' lang='grc' dir='ltr'><strong><em>τοῦ</em></strong></span> <span class='ocrx_word' id='word_1_60' title='bbox 508 1136 721 1230; x_wconf 80' lang='grc' dir='ltr'><strong><em>ἀγροῦ.</em></strong></span> <span class='ocrx_word' id='word_1_61' title='bbox 784 1139 924 1208; x_wconf 55' lang='grc' dir='ltr'><strong><em>1ὓέν</em></strong></span> <span class='ocrx_word' id='word_1_62' title='bbox 971 1139 1194 1228; x_wconf 75' lang='grc' dir='ltr'><strong><em>ἱδρῶτι</em></strong></span> <span class='ocrx_word' id='word_1_63' title='bbox 1253 1149 1368 1208; x_wconf 82' lang='grc' dir='ltr'><strong><em>τοῦ</em></strong></span> <span class='ocrx_word' id='word_1_64' title='bbox 1430 1138 1797 1231; x_wconf 81' lang='grc' dir='ltr'><strong><em>προσώπου</em></strong></span> <span class='ocrx_word' id='word_1_65' title='bbox 1841 1165 1957 1209; x_wconf 90' lang='grc' dir='ltr'><strong><em>σου</em></strong></span> <span class='ocrx_word' id='word_1_66' title='bbox 2014 1149 2191 1232; x_wconf 81' lang='grc' dir='ltr'><strong><em>φαγῇ</em></strong></span> <span class='ocrx_word' id='word_1_67' title='bbox 2230 1142 2347 1210; x_wconf 90' lang='grc' dir='ltr'><strong><em>τὸν</em></strong></span> <span class='ocrx_word' id='word_1_68' title='bbox 2392 1137 2587 1230; x_wconf 56' lang='lat' dir='ltr'><strong><em>&amp;nov</em></strong></span> 
     </span>
     <span class='ocr_line' id='line_1_8' title="bbox 355 1239 2586 1337; baseline 0.001 -26"><span class='ocrx_word' id='word_1_69' title='bbox 355 1265 476 1311; x_wconf 94' lang='grc' dir='ltr'><strong><em>σου</em></strong></span> <span class='ocrx_word' id='word_1_70' title='bbox 521 1244 643 1324; x_wconf 73' lang='grc' dir='ltr'><em>ἕως</em></span> <span class='ocrx_word' id='word_1_71' title='bbox 682 1252 798 1312; x_wconf 77' lang='grc' dir='ltr'><strong><em>τοῦ</em></strong></span> <span class='ocrx_word' id='word_1_72' title='bbox 842 1243 1273 1335; x_wconf 77' lang='grc' dir='ltr'><strong><em>ἀποστρέψαι</em></strong></span> <span class='ocrx_word' id='word_1_73' title='bbox 1320 1267 1394 1312; x_wconf 88' lang='grc' dir='ltr'><strong><em>σε</em></strong></span> <span class='ocrx_word' id='word_1_74' title='bbox 1424 1243 1518 1325; x_wconf 82' lang='grc' dir='ltr'><strong><em>εἰς</em></strong></span> <span class='ocrx_word' id='word_1_75' title='bbox 1544 1246 1659 1336; x_wconf 85' lang='grc' dir='ltr'><strong><em>τὴν</em></strong></span> <span class='ocrx_word' id='word_1_76' title='bbox 1699 1251 1841 1337; x_wconf 82' lang='grc' dir='ltr'><strong><em>γῆν,</em></strong></span> <span class='ocrx_word' id='word_1_77' title='bbox 1890 1245 1965 1327; x_wconf 70' lang='grc' dir='ltr'><strong><em>ἐξ</em></strong></span> <span class='ocrx_word' id='word_1_78' title='bbox 2003 1239 2078 1335; x_wconf 85' lang='grc' dir='ltr'><em>ἧς</em></span> <span class='ocrx_word' id='word_1_79' title='bbox 2110 1243 2433 1336; x_wconf 73' lang='grc' dir='ltr'><em>ἐλήφθης·</em></span> <span class='ocrx_word' id='word_1_80' title='bbox 2480 1243 2586 1315; x_wconf 79' lang='grc' dir='ltr'><strong><em>ὅτι</em></strong></span> 
     </span>
     <span class='ocr_line' id='line_1_9' title="bbox 351 1341 2586 1439; baseline 0 -23"><span class='ocrx_word' id='word_1_81' title='bbox 351 1354 433 1438; x_wconf 85' lang='grc' dir='ltr'><strong><em>γῆ</em></strong></span> <span class='ocrx_word' id='word_1_82' title='bbox 478 1341 540 1416; x_wconf 82' lang='grc' dir='ltr'><strong><em>εἶ</em></strong></span> <span class='ocrx_word' id='word_1_83' title='bbox 583 1347 698 1417; x_wconf 84' lang='grc' dir='ltr'><strong><em>καὶ</em></strong></span> <span class='ocrx_word' id='word_1_84' title='bbox 741 1347 837 1428; x_wconf 79' lang='grc' dir='ltr'><strong><em>εἰς</em></strong></span> <span class='ocrx_word' id='word_1_85' title='bbox 878 1354 996 1438; x_wconf 83' lang='grc' dir='ltr'><strong><em>γῆν</em></strong></span> <span class='ocrx_word' id='word_1_86' title='bbox 1039 1343 1384 1439; x_wconf 80' lang='grc' dir='ltr'><strong><em>ἀπελεύσῃ.</em></strong></span> <span class='ocrx_word' id='word_1_87' title='bbox 1437 1353 1497 1393; x_wconf 77' lang='lat'><strong><em>²⁰</em></strong></span> <span class='ocrx_word' id='word_1_88' title='bbox 1510 1349 1625 1417; x_wconf 81' lang='grc' dir='ltr'><strong><em>καὶ</em></strong></span> <span class='ocrx_word' id='word_1_89' title='bbox 1670 1347 1969 1418; x_wconf 76' lang='grc' dir='ltr'><strong><em>ἐκάλεσεν</em></strong></span> <span class='ocrx_word' id='word_1_90' title='bbox 2008 1343 2218 1436; x_wconf 74' lang='grc' dir='ltr'><strong><em>,Ἀδὰμ</em></strong></span> <span class='ocrx_word' id='word_1_91' title='bbox 2262 1349 2340 1418; x_wconf 82' lang='grc' dir='ltr'><strong><em>τὸ</em></strong></span> <span class='ocrx_word' id='word_1_92' title='bbox 2380 1347 2586 1434; x_wconf 68' lang='grc' dir='ltr'><strong><em>ὄνομα</em></strong></span> 
     </span>
     <span class='ocr_line' id='line_1_10' title="bbox 353 1449 2585 1544; baseline 0 -24"><span class='ocrx_word' id='word_1_93' title='bbox 353 1457 470 1542; x_wconf 85' lang='grc' dir='ltr'><strong><em>τῆς</em></strong></span> <span class='ocrx_word' id='word_1_94' title='bbox 523 1453 826 1539; x_wconf 86' lang='grc' dir='ltr'><strong><em>γυναικὸς</em></strong></span> <span class='ocrx_word' id='word_1_95' title='bbox 883 1451 1076 1521; x_wconf 79' lang='grc' dir='ltr'><strong><em>αὐτοῦ</em></strong></span> <span class='ocrx_word' id='word_1_96' title='bbox 1135 1449 1286 1543; x_wconf 86' lang='grc' dir='ltr'><strong><em>Ζωή</em></strong></span> <span class='ocrx_word' id='word_1_97' title='bbox 1299 1507 1314 1536; x_wconf 91' lang='grc'><em>,</em></span> <span class='ocrx_word' id='word_1_98' title='bbox 1390 1452 1492 1521; x_wconf 77' lang='grc' dir='ltr'><strong><em>ὅτι</em></strong></span> <span class='ocrx_word' id='word_1_99' title='bbox 1560 1449 1765 1544; x_wconf 81' lang='grc' dir='ltr'><strong><em>μήτηρ</em></strong></span> <span class='ocrx_word' id='word_1_100' title='bbox 1826 1451 2091 1522; x_wconf 84' lang='grc' dir='ltr'><strong><em>πάντων</em></strong></span> <span class='ocrx_word' id='word_1_101' title='bbox 2137 1458 2263 1521; x_wconf 82' lang='grc' dir='ltr'><strong><em>τῶν</em></strong></span> <span class='ocrx_word' id='word_1_102' title='bbox 2320 1451 2585 1538; x_wconf 84' lang='grc' dir='ltr'><strong><em>ζώντων.</em></strong></span> 
     </span>
     <span class='ocr_line' id='line_1_11' title="bbox 257 1551 2583 1649; baseline 0 -23"><span class='ocrx_word' id='word_1_103' title='bbox 257 1579 322 1626; x_wconf 89' lang='lat'><strong><em>10</em></strong></span> <span class='ocrx_word' id='word_1_104' title='bbox 365 1557 554 1625; x_wconf 63' lang='lat' dir='ltr'><strong><em>fluat</em></strong></span> <span class='ocrx_word' id='word_1_105' title='bbox 599 1555 872 1648; x_wconf 78' lang='grc' dir='ltr'><strong><em>ἐποίησε</em></strong></span> <span class='ocrx_word' id='word_1_106' title='bbox 912 1554 1136 1647; x_wconf 81' lang='grc' dir='ltr'><strong><em>κύριος</em></strong></span> <span class='ocrx_word' id='word_1_107' title='bbox 1177 1555 1214 1625; x_wconf 83' lang='grc' dir='ltr'>ὁ</span> <span class='ocrx_word' id='word_1_108' title='bbox 1261 1557 1426 1637; x_wconf 74' lang='grc' dir='ltr'><strong><em>θεὸς</em></strong></span> <span class='ocrx_word' id='word_1_109' title='bbox 1463 1564 1558 1648; x_wconf 81' lang='grc' dir='ltr'><strong><em>τῷ</em></strong></span> <span class='ocrx_word' id='word_1_110' title='bbox 1579 1555 1795 1643; x_wconf 76' lang='grc' dir='ltr'><strong><em>,Ἀδὰμ</em></strong></span> <span class='ocrx_word' id='word_1_111' title='bbox 1838 1559 1951 1626; x_wconf 83' lang='grc' dir='ltr'><strong><em>καὶ</em></strong></span> <span class='ocrx_word' id='word_1_112' title='bbox 1995 1567 2075 1649; x_wconf 82' lang='grc' dir='ltr'><strong><em>τῇ</em></strong></span> <span class='ocrx_word' id='word_1_113' title='bbox 2103 1559 2357 1643; x_wconf 83' lang='grc' dir='ltr'><strong><em>γυναικὶ</em></strong></span> <span class='ocrx_word' id='word_1_114' title='bbox 2387 1551 2583 1626; x_wconf 77' lang='grc' dir='ltr'><strong><em>αὗτσῢ</em></strong></span> 
     </span>
     <span class='ocr_line' id='line_1_12' title="bbox 351 1655 2590 1750; baseline 0 -21"><span class='ocrx_word' id='word_1_115' title='bbox 351 1672 630 1744; x_wconf 79' lang='grc' dir='ltr'><strong><em>χιτῶνας</em></strong></span> <span class='ocrx_word' id='word_1_116' title='bbox 671 1659 1082 1750; x_wconf 87' lang='grc' dir='ltr'><strong><em>δερματίνους</em></strong></span> <span class='ocrx_word' id='word_1_117' title='bbox 1095 1716 1110 1745; x_wconf 91' lang='grc'><em>,</em></span> <span class='ocrx_word' id='word_1_118' title='bbox 1157 1661 1268 1729; x_wconf 83' lang='grc' dir='ltr'><strong><em>καὶ</em></strong></span> <span class='ocrx_word' id='word_1_119' title='bbox 1299 1661 1589 1730; x_wconf 75' lang='grc' dir='ltr'><strong><em>ἐνέδυσεν</em></strong></span> <span class='ocrx_word' id='word_1_120' title='bbox 1626 1655 1873 1742; x_wconf 70' lang='grc' dir='ltr'><strong><em>αὐτούς.</em></strong></span> <span class='ocrx_word' id='word_1_121' title='bbox 1924 1666 1984 1706; x_wconf 75' lang='lat'><strong><em>²²</em></strong></span> <span class='ocrx_word' id='word_1_122' title='bbox 1999 1662 2112 1730; x_wconf 83' lang='grc' dir='ltr'><strong><em>καὶ</em></strong></span> <span class='ocrx_word' id='word_1_123' title='bbox 2142 1656 2326 1729; x_wconf 81' lang='grc' dir='ltr'><strong><em>εἶπεν</em></strong></span> <span class='ocrx_word' id='word_1_124' title='bbox 2358 1659 2395 1729; x_wconf 83' lang='grc' dir='ltr'><em>ὅ</em></span> <span class='ocrx_word' id='word_1_125' title='bbox 2424 1661 2590 1742; x_wconf 75' lang='grc' dir='ltr'><strong><em>θεὸς</em></strong></span> 
     </span>
     <span class='ocr_line' id='line_1_13' title="bbox 348 1757 2589 1857; baseline 0.001 -26"><span class='ocrx_word' id='word_1_126' title='bbox 348 1763 514 1833; x_wconf 82' lang='grc' dir='ltr'><strong><em>Ἰδοὺ</em></strong></span> <span class='ocrx_word' id='word_1_127' title='bbox 553 1763 767 1850; x_wconf 79' lang='grc' dir='ltr'><strong><em>Ἀδὰμ</em></strong></span> <span class='ocrx_word' id='word_1_128' title='bbox 809 1764 1060 1853; x_wconf 86' lang='grc' dir='ltr'><strong><em>γέγονεν</em></strong></span> <span class='ocrx_word' id='word_1_129' title='bbox 1104 1764 1197 1846; x_wconf 83' lang='grc' dir='ltr'><em>ὡς</em></span> <span class='ocrx_word' id='word_1_130' title='bbox 1239 1757 1336 1846; x_wconf 83' lang='grc' dir='ltr'><strong><em>εἷς</em></strong></span> <span class='ocrx_word' id='word_1_131' title='bbox 1371 1767 1446 1848; x_wconf 75' lang='grc' dir='ltr'><strong><em>ἐξ</em></strong></span> <span class='ocrx_word' id='word_1_132' title='bbox 1469 1765 1682 1857; x_wconf 80' lang='grc' dir='ltr'><strong><em>ἡμῶν,</em></strong></span> <span class='ocrx_word' id='word_1_133' title='bbox 1725 1771 1839 1834; x_wconf 79' lang='grc' dir='ltr'><strong><em>τοῦ</em></strong></span> <span class='ocrx_word' id='word_1_134' title='bbox 1866 1763 2207 1854; x_wconf 79' lang='grc' dir='ltr'><strong><em>γινώσκειν</em></strong></span> <span class='ocrx_word' id='word_1_135' title='bbox 2248 1767 2447 1835; x_wconf 84' lang='grc' dir='ltr'><strong><em>καλὸν</em></strong></span> <span class='ocrx_word' id='word_1_136' title='bbox 2475 1765 2589 1834; x_wconf 81' lang='grc' dir='ltr'><strong><em>καὶ</em></strong></span> 
     </span>
     <span class='ocr_line' id='line_1_14' title="bbox 358 1865 2585 1961; baseline 0.001 -26"><span class='ocrx_word' id='word_1_137' title='bbox 358 1865 678 1958; x_wconf 85' lang='grc' dir='ltr'><strong><em>πονηρόν·</em></strong></span> <span class='ocrx_word' id='word_1_138' title='bbox 735 1870 848 1937; x_wconf 79' lang='grc' dir='ltr'><strong><em>καὶ</em></strong></span> <span class='ocrx_word' id='word_1_139' title='bbox 904 1875 1012 1937; x_wconf 77' lang='grc' dir='ltr'><strong><em>νῦν</em></strong></span> <span class='ocrx_word' id='word_1_140' title='bbox 1066 1866 1324 1960; x_wconf 86' lang='grc' dir='ltr'><strong><em>μήποτε</em></strong></span> <span class='ocrx_word' id='word_1_141' title='bbox 1367 1869 1619 1961; x_wconf 76' lang='grc' dir='ltr'><strong><em>ἕκτείνῃ</em></strong></span> <span class='ocrx_word' id='word_1_142' title='bbox 1657 1872 1772 1961; x_wconf 84' lang='grc' dir='ltr'><strong><em>τὴν</em></strong></span> <span class='ocrx_word' id='word_1_143' title='bbox 1814 1875 1999 1961; x_wconf 83' lang='grc' dir='ltr'><strong><em>χεῖρα</em></strong></span> <span class='ocrx_word' id='word_1_144' title='bbox 2040 1865 2235 1939; x_wconf 78' lang='grc' dir='ltr'><strong><em>αὐτοῦ</em></strong></span> <span class='ocrx_word' id='word_1_145' title='bbox 2277 1871 2390 1939; x_wconf 86' lang='grc' dir='ltr'><strong><em>καὶ</em></strong></span> <span class='ocrx_word' id='word_1_146' title='bbox 2420 1867 2585 1960; x_wconf 79' lang='grc' dir='ltr'><strong><em>λάβῃ</em></strong></span> 
     </span>
     <span class='ocr_line' id='line_1_15' title="bbox 357 1970 2587 2066; baseline 0.003 -27"><span class='ocrx_word' id='word_1_147' title='bbox 357 1972 497 2040; x_wconf 84' lang='grc' dir='ltr'><strong><em>ἀπὸ</em></strong></span> <span class='ocrx_word' id='word_1_148' title='bbox 533 1979 650 2040; x_wconf 80' lang='grc' dir='ltr'><strong><em>τοῦ</em></strong></span> <span class='ocrx_word' id='word_1_149' title='bbox 697 1972 884 2054; x_wconf 81' lang='grc' dir='ltr'><strong><em>ξύλου</em></strong></span> <span class='ocrx_word' id='word_1_150' title='bbox 926 1980 1043 2064; x_wconf 83' lang='grc' dir='ltr'><strong><em>τῆς</em></strong></span> <span class='ocrx_word' id='word_1_151' title='bbox 1071 1975 1235 2062; x_wconf 86' lang='grc' dir='ltr'><em>ζωῆς</em></span> <span class='ocrx_word' id='word_1_152' title='bbox 1261 1974 1375 2041; x_wconf 85' lang='grc' dir='ltr'><strong><em>καὶ</em></strong></span> <span class='ocrx_word' id='word_1_153' title='bbox 1404 1970 1607 2064; x_wconf 79' lang='grc' dir='ltr'><strong><em>φάγῃ,</em></strong></span> <span class='ocrx_word' id='word_1_154' title='bbox 1650 1975 1762 2042; x_wconf 79' lang='grc' dir='ltr'><strong><em>καὶ</em></strong></span> <span class='ocrx_word' id='word_1_155' title='bbox 1792 1971 2051 2066; x_wconf 86' lang='grc' dir='ltr'><strong><em>ζήσεται</em></strong></span> <span class='ocrx_word' id='word_1_156' title='bbox 2090 1973 2187 2056; x_wconf 82' lang='grc' dir='ltr'><strong><em>εἶς</em></strong></span> <span class='ocrx_word' id='word_1_157' title='bbox 2214 1975 2327 2042; x_wconf 81' lang='grc' dir='ltr'><strong><em>τὸν</em></strong></span> <span class='ocrx_word' id='word_1_158' title='bbox 2361 1973 2587 2046; x_wconf 76' lang='grc' dir='ltr'><strong><em>αἰῶνα.</em></strong></span> 
     </span>
     <span class='ocr_line' id='line_1_16' title="bbox 263 2074 2587 2170; baseline -0 -23"><span class='ocrx_word' id='word_1_159' title='bbox 263 2103 326 2149; x_wconf 81' lang='lat'><strong><em>15</em></strong></span> <span class='ocrx_word' id='word_1_160' title='bbox 370 2076 552 2146; x_wconf 60' lang='grc' dir='ltr'><strong><em>Μ’και</em></strong></span> <span class='ocrx_word' id='word_1_161' title='bbox 600 2077 1055 2160; x_wconf 80' lang='grc' dir='ltr'><strong><em>ἐξαπέστειλεν</em></strong></span> <span class='ocrx_word' id='word_1_162' title='bbox 1101 2076 1296 2146; x_wconf 81' lang='grc' dir='ltr'><strong><em>αὖτὸν</em></strong></span> <span class='ocrx_word' id='word_1_163' title='bbox 1338 2074 1560 2168; x_wconf 83' lang='grc' dir='ltr'><strong><em>κύριος</em></strong></span> <span class='ocrx_word' id='word_1_164' title='bbox 1618 2076 1655 2146; x_wconf 85' lang='grc' dir='ltr'><em>ὃ</em></span> <span class='ocrx_word' id='word_1_165' title='bbox 1699 2079 1862 2161; x_wconf 72' lang='grc' dir='ltr'><strong><em>θεὸς</em></strong></span> <span class='ocrx_word' id='word_1_166' title='bbox 1904 2079 1977 2147; x_wconf 73' lang='grc' dir='ltr'><strong><em>ἐκ</em></strong></span> <span class='ocrx_word' id='word_1_167' title='bbox 2020 2083 2137 2147; x_wconf 84' lang='grc' dir='ltr'><strong><em>τοῦ</em></strong></span> <span class='ocrx_word' id='word_1_168' title='bbox 2180 2077 2587 2170; x_wconf 83' lang='grc' dir='ltr'><strong><em>παραδείσου</em></strong></span> 
     </span>
    </p>
   </div>
   <div class='ocr_carea' id='block_1_3' title="bbox 357 2176 2587 2273">
    <p class='ocr_par' dir='ltr' id='par_1_3' title="bbox 357 2176 2587 2273">
     <span class='ocr_line' id='line_1_17' title="bbox 357 2176 2587 2273; baseline 0.001 -24"><span class='ocrx_word' id='word_1_169' title='bbox 357 2187 473 2272; x_wconf 85' lang='grc' dir='ltr'><strong><em>τῆς</em></strong></span> <span class='ocrx_word' id='word_1_170' title='bbox 500 2189 774 2272; x_wconf 77' lang='grc' dir='ltr'><strong><em>τρυφῆς,</em></strong></span> <span class='ocrx_word' id='word_1_171' title='bbox 819 2176 1210 2270; x_wconf 74' lang='grc' dir='ltr'><strong><em>ἐργάζεσθαι</em></strong></span> <span class='ocrx_word' id='word_1_172' title='bbox 1242 2182 1358 2271; x_wconf 86' lang='grc' dir='ltr'><strong><em>τὴν</em></strong></span> <span class='ocrx_word' id='word_1_173' title='bbox 1387 2187 1523 2273; x_wconf 84' lang='grc' dir='ltr'><strong><em>γῆν,</em></strong></span> <span class='ocrx_word' id='word_1_174' title='bbox 1571 2181 1646 2265; x_wconf 76' lang='grc' dir='ltr'><strong><em>ἐξ</em></strong></span> <span class='ocrx_word' id='word_1_175' title='bbox 1676 2176 1751 2273; x_wconf 84' lang='grc' dir='ltr'><em>ἧς</em></span> <span class='ocrx_word' id='word_1_176' title='bbox 1778 2183 2053 2273; x_wconf 72' lang='grc' dir='ltr'><strong><em>ελήφθη.</em></strong></span> <span class='ocrx_word' id='word_1_177' title='bbox 2110 2184 2294 2251; x_wconf 60' lang='lat' dir='ltr'><strong><em>uzal</em></strong></span> <span class='ocrx_word' id='word_1_178' title='bbox 2324 2183 2587 2270; x_wconf 76' lang='grc' dir='ltr'><strong><em>ἐξέβαλε</em></strong></span> 
     </span>
    </p>
   </div>
   <div class='ocr_carea' id='block_1_4' title="bbox 359 2279 2588 2376">
    <p class='ocr_par' dir='ltr' id='par_1_4' title="bbox 359 2279 2588 2376">
     <span class='ocr_line' id='line_1_18' title="bbox 359 2279 2588 2376; baseline -0 -23"><span class='ocrx_word' id='word_1_179' title='bbox 359 2287 473 2354; x_wconf 84' lang='grc' dir='ltr'><strong><em>τὸν</em></strong></span> <span class='ocrx_word' id='word_1_180' title='bbox 496 2279 711 2372; x_wconf 72' lang='grc' dir='ltr'><strong><em>Ἀδὰμ</em></strong></span> <span class='ocrx_word' id='word_1_181' title='bbox 753 2285 866 2352; x_wconf 87' lang='grc' dir='ltr'><strong><em>καὶ</em></strong></span> <span class='ocrx_word' id='word_1_182' title='bbox 909 2282 1268 2375; x_wconf 78' lang='grc' dir='ltr'><strong><em>κατῴκισεν</em></strong></span> <span class='ocrx_word' id='word_1_183' title='bbox 1309 2279 1503 2355; x_wconf 70' lang='grc' dir='ltr'><strong><em>αὐτὸν</em></strong></span> <span class='ocrx_word' id='word_1_184' title='bbox 1547 2283 1859 2354; x_wconf 76' lang='grc' dir='ltr'><strong><em>ἀπέναντι</em></strong></span> <span class='ocrx_word' id='word_1_185' title='bbox 1889 2292 2003 2354; x_wconf 81' lang='grc' dir='ltr'><strong><em>τοῦ</em></strong></span> <span class='ocrx_word' id='word_1_186' title='bbox 2032 2285 2440 2376; x_wconf 83' lang='grc' dir='ltr'><strong><em>παραδείσου</em></strong></span> <span class='ocrx_word' id='word_1_187' title='bbox 2470 2294 2588 2375; x_wconf 85' lang='grc' dir='ltr'><strong><em>τῆς</em></strong></span> 
     </span>
    </p>
   </div>
   <div class='ocr_carea' id='block_1_5' title="bbox 359 2386 2590 2586">
    <p class='ocr_par' dir='ltr' id='par_1_5' title="bbox 359 2386 2590 2586">
     <span class='ocr_line' id='line_1_19' title="bbox 359 2386 2590 2481; baseline -0.001 -23"><span class='ocrx_word' id='word_1_188' title='bbox 359 2395 636 2481; x_wconf 82' lang='grc' dir='ltr'><strong><em>τρυφῆς,</em></strong></span> <span class='ocrx_word' id='word_1_189' title='bbox 693 2388 811 2457; x_wconf 84' lang='grc' dir='ltr'><strong><em>’καὶ</em></strong></span> <span class='ocrx_word' id='word_1_190' title='bbox 853 2386 1042 2473; x_wconf 85' lang='grc' dir='ltr'><strong><em>εταξε</em></strong></span> <span class='ocrx_word' id='word_1_191' title='bbox 1076 2391 1160 2458; x_wconf 83' lang='grc' dir='ltr'><strong><em>τὰ</em></strong></span> <span class='ocrx_word' id='word_1_192' title='bbox 1203 2390 1544 2480; x_wconf 81' lang='grc' dir='ltr'><strong><em>Χερουβὶμ</em></strong></span> <span class='ocrx_word' id='word_1_193' title='bbox 1587 2416 1699 2458; x_wconf 86' lang='grc' dir='ltr'><strong><em>και</em></strong></span> <span class='ocrx_word' id='word_1_194' title='bbox 1754 2390 1869 2481; x_wconf 86' lang='grc' dir='ltr'><strong><em>τὴν</em></strong></span> <span class='ocrx_word' id='word_1_195' title='bbox 1910 2387 2219 2481; x_wconf 83' lang='grc' dir='ltr'><strong><em>φλογίνην</em></strong></span> <span class='ocrx_word' id='word_1_196' title='bbox 2260 2387 2590 2480; x_wconf 76' lang='grc' dir='ltr'><strong><em>ῥομφαίαν</em></strong></span> 
     </span>
     <span class='ocr_line' id='line_1_20' title="bbox 361 2491 2585 2586; baseline 0 -26"><span class='ocrx_word' id='word_1_197' title='bbox 361 2495 473 2585; x_wconf 87' lang='grc' dir='ltr'><strong><em>τὴν</em></strong></span> <span class='ocrx_word' id='word_1_198' title='bbox 535 2493 970 2586; x_wconf 77' lang='grc' dir='ltr'><strong><em>στρεφομένην</em></strong></span> <span class='ocrx_word' id='word_1_199' title='bbox 1017 2491 1371 2586; x_wconf 82' lang='grc' dir='ltr'><strong><em>φυλάσσειν</em></strong></span> <span class='ocrx_word' id='word_1_200' title='bbox 1439 2494 1550 2585; x_wconf 82' lang='grc' dir='ltr'><strong><em>τὴν</em></strong></span> <span class='ocrx_word' id='word_1_201' title='bbox 1608 2492 1759 2563; x_wconf 86' lang='grc' dir='ltr'><strong><em>ὁδὸν</em></strong></span> <span class='ocrx_word' id='word_1_202' title='bbox 1812 2500 1929 2562; x_wconf 84' lang='grc' dir='ltr'><strong><em>τοῦ</em></strong></span> <span class='ocrx_word' id='word_1_203' title='bbox 1987 2491 2177 2576; x_wconf 79' lang='grc' dir='ltr'><strong><em>ξύλου</em></strong></span> <span class='ocrx_word' id='word_1_204' title='bbox 2231 2498 2347 2585; x_wconf 83' lang='grc' dir='ltr'><strong><em>τῆς</em></strong></span> <span class='ocrx_word' id='word_1_205' title='bbox 2404 2493 2585 2584; x_wconf 83' lang='grc' dir='ltr'><em>ζωῆς.</em></span> 
     </span>
    </p>
   </div>
   <div class='ocr_carea' id='block_1_6' title="bbox 348 2740 2589 4549">
    <p class='ocr_par' dir='ltr' id='par_1_6' title="bbox 348 2740 2589 4549">
     <span class='ocr_line' id='line_1_21' title="bbox 498 2740 2585 2813; baseline 0.001 -18"><span class='ocrx_word' id='word_1_206' title='bbox 498 2742 534 2795; x_wconf 82' lang='lat'><strong>2</strong></span> <span class='ocrx_word' id='word_1_207' title='bbox 565 2760 766 2795; x_wconf 78' lang='grc' dir='ltr'><strong><em>τουτου</em></strong></span> <span class='ocrx_word' id='word_1_208' title='bbox 801 2742 1040 2797; x_wconf 77' lang='lat' dir='ltr'><strong>abomrtz</strong></span> <span class='ocrx_word' id='word_1_209' title='bbox 1053 2782 1066 2805; x_wconf 91' lang='lat'>,</span> <span class='ocrx_word' id='word_1_210' title='bbox 1105 2740 1155 2795; x_wconf 84' lang='lat' dir='ltr'><strong>A</strong></span> <span class='ocrx_word' id='word_1_211' title='bbox 1187 2742 1288 2797; x_wconf 82' lang='lat' dir='ltr'><strong><em>hoc</em></strong></span> <span class='ocrx_word' id='word_1_212' title='bbox 1324 2743 1440 2797; x_wconf 80' lang='lat' dir='ltr'><strong>loco</strong></span> <span class='ocrx_word' id='word_1_213' title='bbox 1472 2742 1619 2797; x_wconf 77' lang='lat' dir='ltr'>lacer</span> <span class='ocrx_word' id='word_1_214' title='bbox 1652 2740 1782 2812; x_wconf 82' lang='lat' dir='ltr'><strong>quid</strong></span> <span class='ocrx_word' id='word_1_215' title='bbox 1804 2740 2054 2798; x_wconf 74' lang='lat' dir='ltr'><strong>habuerit</strong></span> <span class='ocrx_word' id='word_1_216' title='bbox 2075 2758 2185 2797; x_wconf 84' lang='lat' dir='ltr'><strong><em>non</em></strong></span> <span class='ocrx_word' id='word_1_217' title='bbox 2210 2744 2425 2798; x_wconf 69' lang='lat' dir='ltr'><strong>constat</strong></span> <span class='ocrx_word' id='word_1_218' title='bbox 2449 2742 2585 2813; x_wconf 71' lang='lat' dir='ltr'><strong>[sta-</strong></span> 
     </span>
     <span class='ocr_line' id='line_1_22' title="bbox 357 2828 2587 2901; baseline 0 -18"><span class='ocrx_word' id='word_1_219' title='bbox 357 2829 458 2883; x_wconf 74' lang='lat' dir='ltr'><strong><em>tim</em></strong></span> <span class='ocrx_word' id='word_1_220' title='bbox 503 2848 571 2881; x_wconf 88' lang='grc' dir='ltr'><strong><em>ου</em></strong></span> <span class='ocrx_word' id='word_1_221' title='bbox 605 2830 855 2897; x_wconf 74' lang='lat' dir='ltr'><strong>superest</strong></span> <span class='ocrx_word' id='word_1_222' title='bbox 893 2844 922 2883; x_wconf 80' lang='grc' dir='ltr'><strong>θ</strong></span> <span class='ocrx_word' id='word_1_223' title='bbox 956 2844 1086 2883; x_wconf 83' lang='lat' dir='ltr'>uoce</span> <span class='ocrx_word' id='word_1_224' title='bbox 1135 2828 1370 2900; x_wconf 88' lang='grc' dir='ltr'><strong><em>μονου],</em></strong></span> <span class='ocrx_word' id='word_1_225' title='bbox 1425 2847 1589 2883; x_wconf 81' lang='grc' dir='ltr'><strong><em>τουτο</em></strong></span> <span class='ocrx_word' id='word_1_226' title='bbox 1625 2828 1670 2882; x_wconf 88' lang='grc' dir='ltr'>Ε</span> <span class='ocrx_word' id='word_1_227' title='bbox 1719 2828 1837 2898; x_wconf 78' lang='lat' dir='ltr'>[sod</span> <span class='ocrx_word' id='word_1_228' title='bbox 1890 2829 2035 2883; x_wconf 78' lang='lat' dir='ltr'><strong>idom</strong></span> <span class='ocrx_word' id='word_1_229' title='bbox 2086 2831 2275 2884; x_wconf 71' lang='lat' dir='ltr'><strong>statim</strong></span> <span class='ocrx_word' id='word_1_230' title='bbox 2336 2830 2541 2901; x_wconf 82' lang='grc' dir='ltr'><strong><em>μονου]</em></strong></span> <span class='ocrx_word' id='word_1_231' title='bbox 2578 2830 2587 2901; x_wconf 93' lang='grc' dir='ltr'>Ι</span> 
     </span>
     <span class='ocr_line' id='line_1_23' title="bbox 357 2912 2584 2991; baseline -0 -22"><span class='ocrx_word' id='word_1_232' title='bbox 357 2916 446 2983; x_wconf 77' lang='lat' dir='ltr'><strong><em>3l4</em></strong></span> <span class='ocrx_word' id='word_1_233' title='bbox 477 2916 538 2969; x_wconf 87' lang='lat' dir='ltr'><strong><em>in</em></strong></span> <span class='ocrx_word' id='word_1_234' title='bbox 559 2914 805 2984; x_wconf 78' lang='lat' dir='ltr'><strong>margine</strong></span> <span class='ocrx_word' id='word_1_235' title='bbox 839 2931 894 2968; x_wconf 83' lang='lat'><strong><em>1¹:</em></strong></span> <span class='ocrx_word' id='word_1_236' title='bbox 955 2929 1071 2985; x_wconf 79' lang='grc' dir='ltr'><strong><em>συμ.</em></strong></span> <span class='ocrx_word' id='word_1_237' title='bbox 1108 2912 1511 2989; x_wconf 58' lang='lat' dir='ltr'><strong><em>emundemus·</em></strong></span> <span class='ocrx_word' id='word_1_238' title='bbox 1545 2914 1574 2981; x_wconf 81' lang='grc' dir='ltr'><strong><em>ἡ</em></strong></span> <span class='ocrx_word' id='word_1_239' title='bbox 1611 2919 1684 2985; x_wconf 81' lang='grc' dir='ltr'><strong><em>γῆ</em></strong></span> <span class='ocrx_word' id='word_1_240' title='bbox 1716 2916 1779 2970; x_wconf 76' lang='grc' dir='ltr'><strong><em>ἐν</em></strong></span> <span class='ocrx_word' id='word_1_241' title='bbox 1813 2919 1878 2982; x_wconf 85' lang='grc' dir='ltr'><strong><em>τῆ</em></strong></span> <span class='ocrx_word' id='word_1_242' title='bbox 1913 2916 2145 2991; x_wconf 77' lang='grc' dir='ltr'><strong><em>ἐργασία</em></strong></span> <span class='ocrx_word' id='word_1_243' title='bbox 2184 2932 2313 2969; x_wconf 86' lang='grc' dir='ltr'><strong><em>σου·</em></strong></span> <span class='ocrx_word' id='word_1_244' title='bbox 2389 2916 2449 2968; x_wconf 70' lang='grc' dir='ltr'><strong><em>ἐν</em></strong></span> <span class='ocrx_word' id='word_1_245' title='bbox 2481 2935 2584 2968; x_wconf 83' lang='grc' dir='ltr'><strong><em>κα-</em></strong></span> 
     </span>
     <span class='ocr_line' id='line_1_24' title="bbox 354 2997 2588 3075; baseline 0.001 -21"><span class='ocrx_word' id='word_1_246' title='bbox 354 3007 639 3055; x_wconf 75' lang='grc' dir='ltr'><strong><em>κοπαθεία</em></strong></span> <span class='ocrx_word' id='word_1_247' title='bbox 697 3006 854 3074; x_wconf 76' lang='grc' dir='ltr'><strong><em>φαγῆ</em></strong></span> <span class='ocrx_word' id='word_1_248' title='bbox 917 2998 1089 3067; x_wconf 84' lang='grc' dir='ltr'><strong><em>ἀυτήν</em></strong></span> <span class='ocrx_word' id='word_1_249' title='bbox 1106 3042 1118 3054; x_wconf 93' lang='grc'><strong><em>.</em></strong></span> <span class='ocrx_word' id='word_1_250' title='bbox 1183 3006 1227 3052; x_wconf 76' lang='grc' dir='ltr'><strong><em>θ</em></strong></span> <span class='ocrx_word' id='word_1_251' title='bbox 1278 2997 1681 3075; x_wconf 78' lang='grc' dir='ltr'><strong><em>ἔπικατάρατος</em></strong></span> <span class='ocrx_word' id='word_1_252' title='bbox 1724 3001 1760 3069; x_wconf 80' lang='grc' dir='ltr'><em>ἡ</em></span> <span class='ocrx_word' id='word_1_253' title='bbox 1812 3000 1972 3072; x_wconf 63' lang='lat' dir='ltr'><strong><em>«mm</em></strong></span> <span class='ocrx_word' id='word_1_254' title='bbox 2021 3001 2219 3071; x_wconf 77' lang='lat' dir='ltr'>[scribe</span> <span class='ocrx_word' id='word_1_255' title='bbox 2268 3000 2489 3073; x_wconf 80' lang='grc' dir='ltr'><strong><em>ἀδαμὰ]</em></strong></span> <span class='ocrx_word' id='word_1_256' title='bbox 2525 3002 2588 3056; x_wconf 77' lang='grc' dir='ltr'><strong><em>ἐν</em></strong></span> 
     </span>
     <span class='ocr_line' id='line_1_25' title="bbox 353 3085 2584 3162; baseline 0 -21"><span class='ocrx_word' id='word_1_257' title='bbox 353 3092 417 3155; x_wconf 83' lang='grc' dir='ltr'><strong><em>τῆ</em></strong></span> <span class='ocrx_word' id='word_1_258' title='bbox 476 3086 793 3162; x_wconf 79' lang='grc' dir='ltr'><strong><em>παραβάσει</em></strong></span> <span class='ocrx_word' id='word_1_259' title='bbox 857 3103 961 3141; x_wconf 87' lang='grc' dir='ltr'><strong><em>σου</em></strong></span> <span class='ocrx_word' id='word_1_260' title='bbox 976 3126 991 3139; x_wconf 93' lang='grc'><strong><em>.</em></strong></span> <span class='ocrx_word' id='word_1_261' title='bbox 1042 3085 1186 3159; x_wconf 82' lang='grc' dir='ltr'><strong><em>μετὰ</em></strong></span> <span class='ocrx_word' id='word_1_262' title='bbox 1222 3085 1453 3157; x_wconf 71' lang='grc' dir='ltr'><strong><em>μόχθου</em></strong></span> <span class='ocrx_word' id='word_1_263' title='bbox 1487 3090 1645 3159; x_wconf 86' lang='grc' dir='ltr'><strong><em>φαγῆ</em></strong></span> <span class='ocrx_word' id='word_1_264' title='bbox 1690 3085 1865 3155; x_wconf 76' lang='grc' dir='ltr'><strong><em>αὐτήν</em></strong></span> <span class='ocrx_word' id='word_1_265' title='bbox 1930 3090 1940 3155; x_wconf 98' lang='grc' dir='ltr'>Ι</span> <span class='ocrx_word' id='word_1_266' title='bbox 2002 3088 2039 3142; x_wconf 86' lang='grc'><strong>4</strong></span> <span class='ocrx_word' id='word_1_267' title='bbox 2086 3090 2147 3142; x_wconf 74' lang='grc' dir='ltr'><strong><em>ἔν</em></strong></span> <span class='ocrx_word' id='word_1_268' title='bbox 2182 3091 2384 3149; x_wconf 80' lang='grc' dir='ltr'><strong><em>λυπαις</em></strong></span> <span class='ocrx_word' id='word_1_269' title='bbox 2424 3107 2584 3162; x_wconf 76' lang='grc' dir='ltr'><strong><em>φαγη</em></strong></span> 
     </span>
     <span class='ocr_line' id='line_1_26' title="bbox 355 3174 2587 3262; baseline 0.001 -35"><span class='ocrx_word' id='word_1_270' title='bbox 355 3193 525 3241; x_wconf 81' lang='grc' dir='ltr'><strong><em>αυτην</em></strong></span> <span class='ocrx_word' id='word_1_271' title='bbox 561 3188 750 3233; x_wconf 82' lang='grc' dir='ltr'><strong><em>πασας</em></strong></span> <span class='ocrx_word' id='word_1_272' title='bbox 786 3193 886 3233; x_wconf 80' lang='grc' dir='ltr'><strong><em>τας</em></strong></span> <span class='ocrx_word' id='word_1_273' title='bbox 918 3190 1126 3247; x_wconf 80' lang='grc' dir='ltr'><strong><em>ημερας</em></strong></span> <span class='ocrx_word' id='word_1_274' title='bbox 1161 3192 1255 3240; x_wconf 85' lang='grc' dir='ltr'><strong><em>της</em></strong></span> <span class='ocrx_word' id='word_1_275' title='bbox 1291 3175 1425 3241; x_wconf 64' lang='lat' dir='ltr'><strong><em>Came</em></strong></span> <span class='ocrx_word' id='word_1_276' title='bbox 1457 3188 1560 3227; x_wconf 89' lang='grc' dir='ltr'><strong><em>σου</em></strong></span> <span class='ocrx_word' id='word_1_277' title='bbox 1597 3184 1664 3234; x_wconf 96' lang='grc'>&gt;</span> <span class='ocrx_word' id='word_1_278' title='bbox 1702 3174 1747 3227; x_wconf 88' lang='grc' dir='ltr'><strong>Ε</strong></span> <span class='ocrx_word' id='word_1_279' title='bbox 1798 3176 1808 3243; x_wconf 97' lang='grc' dir='ltr'>Ι</span> <span class='ocrx_word' id='word_1_280' title='bbox 1866 3176 1901 3231; x_wconf 84' lang='grc'>5</span> <span class='ocrx_word' id='word_1_281' title='bbox 1938 3176 2065 3243; x_wconf 71' lang='lat' dir='ltr'><strong>post</strong></span> <span class='ocrx_word' id='word_1_282' title='bbox 2100 3189 2191 3228; x_wconf 88' lang='grc' dir='ltr'><strong><em>σοι</em></strong></span> <span class='ocrx_word' id='word_1_283' title='bbox 2232 3176 2299 3242; x_wconf 91' lang='grc' dir='ltr'><strong><em>-Ι-</em></strong></span> <span class='ocrx_word' id='word_1_284' title='bbox 2337 3195 2369 3241; x_wconf 88' lang='grc' dir='ltr'>η</span> <span class='ocrx_word' id='word_1_285' title='bbox 2412 3195 2483 3245; x_wconf 84' lang='grc' dir='ltr'><strong><em>γη</em></strong></span> <span class='ocrx_word' id='word_1_286' title='bbox 2515 3191 2546 3229; x_wconf 85' lang='lat'><strong><em>1·</em></strong></span> <span class='ocrx_word' id='word_1_287' title='bbox 2578 3192 2587 3262; x_wconf 78' lang='grc' dir='ltr'>Ι</span> 
     </span>
     <span class='ocr_line' id='line_1_27' title="bbox 356 3258 2589 3335; baseline 0 -20"><span class='ocrx_word' id='word_1_288' title='bbox 356 3261 388 3316; x_wconf 88' lang='grc'><strong>5</strong></span> <span class='ocrx_word' id='word_1_289' title='bbox 426 3258 602 3332; x_wconf 83' lang='grc' dir='ltr'><strong><em>φάγει</em></strong></span> <span class='ocrx_word' id='word_1_290' title='bbox 639 3278 666 3315; x_wconf 83' lang='lat' dir='ltr'>z</span> <span class='ocrx_word' id='word_1_291' title='bbox 697 3265 708 3328; x_wconf 94' lang='grc' dir='ltr'>Ι</span> <span class='ocrx_word' id='word_1_292' title='bbox 739 3262 772 3315; x_wconf 88' lang='grc'>6</span> <span class='ocrx_word' id='word_1_293' title='bbox 813 3261 1070 3334; x_wconf 79' lang='grc' dir='ltr'><strong><em>ιδρωτητι</em></strong></span> <span class='ocrx_word' id='word_1_294' title='bbox 1107 3276 1164 3324; x_wconf 72' lang='lat' dir='ltr'><strong><em>o,</em></strong></span> <span class='ocrx_word' id='word_1_295' title='bbox 1215 3260 1466 3335; x_wconf 79' lang='grc' dir='ltr'><strong><em>ἰδρῶτϊτϊ</em></strong></span> <span class='ocrx_word' id='word_1_296' title='bbox 1503 3278 1532 3314; x_wconf 78' lang='lat' dir='ltr'>z</span> <span class='ocrx_word' id='word_1_297' title='bbox 1563 3262 1574 3327; x_wconf 94' lang='grc' dir='ltr'>Ι</span> <span class='ocrx_word' id='word_1_298' title='bbox 1606 3262 1637 3315; x_wconf 85' lang='grc'><strong><em>’7</em></strong></span> <span class='ocrx_word' id='word_1_299' title='bbox 1672 3279 1771 3314; x_wconf 81' lang='grc' dir='ltr'><strong><em>του</em></strong></span> <span class='ocrx_word' id='word_1_300' title='bbox 1804 3260 2091 3326; x_wconf 79' lang='lat' dir='ltr'><strong>Aabcmtz,</strong></span> <span class='ocrx_word' id='word_1_301' title='bbox 2140 3282 2207 3315; x_wconf 87' lang='grc' dir='ltr'><strong><em>ου</em></strong></span> <span class='ocrx_word' id='word_1_302' title='bbox 2242 3262 2317 3316; x_wconf 85' lang='grc' dir='ltr'><strong><em>Ει·</em></strong></span> <span class='ocrx_word' id='word_1_303' title='bbox 2358 3264 2368 3327; x_wconf 87' lang='grc' dir='ltr'>Ι</span> <span class='ocrx_word' id='word_1_304' title='bbox 2422 3263 2454 3316; x_wconf 81' lang='grc'><strong>7</strong></span> <span class='ocrx_word' id='word_1_305' title='bbox 2488 3280 2589 3327; x_wconf 83' lang='grc' dir='ltr'><strong><em>την</em></strong></span> 
     </span>
     <span class='ocr_line' id='line_1_28' title="bbox 355 3347 2587 3421; baseline 0 -18"><span class='ocrx_word' id='word_1_306' title='bbox 355 3359 423 3410; x_wconf 96' lang='grc'>&gt;</span> <span class='ocrx_word' id='word_1_307' title='bbox 459 3348 534 3403; x_wconf 78' lang='lat' dir='ltr'><strong><em>Ez</em></strong></span> <span class='ocrx_word' id='word_1_308' title='bbox 614 3350 624 3417; x_wconf 90' lang='grc' dir='ltr'>Ι</span> <span class='ocrx_word' id='word_1_309' title='bbox 695 3351 726 3403; x_wconf 83' lang='grc'><strong>7</strong></span> <span class='ocrx_word' id='word_1_310' title='bbox 765 3352 1056 3421; x_wconf 73' lang='grc' dir='ltr'><strong><em>ελημφθης</em></strong></span> <span class='ocrx_word' id='word_1_311' title='bbox 1092 3347 1186 3403; x_wconf 85' lang='grc' dir='ltr'><strong><em>ΔΕ</em></strong></span> <span class='ocrx_word' id='word_1_312' title='bbox 1269 3348 1281 3419; x_wconf 87' lang='grc' dir='ltr'>Ι</span> <span class='ocrx_word' id='word_1_313' title='bbox 1349 3349 1438 3417; x_wconf 78' lang='lat' dir='ltr'><strong><em>8s9</em></strong></span> <span class='ocrx_word' id='word_1_314' title='bbox 1490 3348 1619 3413; x_wconf 73' lang='lat' dir='ltr'>„ita</span> <span class='ocrx_word' id='word_1_315' title='bbox 1666 3348 1795 3403; x_wconf 84' lang='lat' dir='ltr'><strong>libri</strong></span> <span class='ocrx_word' id='word_1_316' title='bbox 1828 3351 2039 3403; x_wconf 68' lang='lat' dir='ltr'><strong>ueteres</strong></span> <span class='ocrx_word' id='word_1_317' title='bbox 2062 3390 2076 3403; x_wconf 89' lang='lat'><strong>.</strong></span> <span class='ocrx_word' id='word_1_318' title='bbox 2110 3348 2169 3404; x_wconf 85' lang='lat' dir='ltr'><strong><em>in</em></strong></span> <span class='ocrx_word' id='word_1_319' title='bbox 2206 3348 2587 3404; x_wconf 59' lang='lat' dir='ltr'><strong>commentario</strong></span> 
     </span>
     <span class='ocr_line' id='line_1_29' title="bbox 353 3434 2588 3508; baseline -0.001 -19"><span class='ocrx_word' id='word_1_320' title='bbox 353 3434 613 3491; x_wconf 76' lang='lat' dir='ltr'><strong>Iohannis</strong></span> <span class='ocrx_word' id='word_1_321' title='bbox 645 3434 1018 3505; x_wconf 73' lang='lat' dir='ltr'><strong>chrysostomi</strong></span> <span class='ocrx_word' id='word_1_322' title='bbox 1054 3438 1139 3489; x_wconf 77' lang='lat' dir='ltr'><strong><em>est</em></strong></span> <span class='ocrx_word' id='word_1_323' title='bbox 1172 3454 1234 3489; x_wconf 85' lang='grc' dir='ltr'><strong><em>το</em></strong></span> <span class='ocrx_word' id='word_1_324' title='bbox 1273 3452 1456 3506; x_wconf 82' lang='grc' dir='ltr'><strong><em>ονομα</em></strong></span> <span class='ocrx_word' id='word_1_325' title='bbox 1489 3455 1584 3501; x_wconf 82' lang='grc' dir='ltr'><strong><em>της</em></strong></span> <span class='ocrx_word' id='word_1_326' title='bbox 1618 3454 1889 3505; x_wconf 81' lang='grc' dir='ltr'><strong><em>γυναικος</em></strong></span> <span class='ocrx_word' id='word_1_327' title='bbox 1924 3455 2093 3489; x_wconf 82' lang='grc' dir='ltr'><strong><em>αυτου</em></strong></span> <span class='ocrx_word' id='word_1_328' title='bbox 2130 3454 2229 3489; x_wconf 83' lang='grc' dir='ltr'><strong><em>ευα</em></strong></span> <span class='ocrx_word' id='word_1_329' title='bbox 2248 3478 2260 3500; x_wconf 90' lang='grc'><em>,</em></span> <span class='ocrx_word' id='word_1_330' title='bbox 2297 3453 2439 3508; x_wconf 81' lang='grc' dir='ltr'><strong><em>οπερ</em></strong></span> <span class='ocrx_word' id='word_1_331' title='bbox 2470 3448 2588 3489; x_wconf 75' lang='grc' dir='ltr'><strong><em>εστι</em></strong></span> 
     </span>
     <span class='ocr_line' id='line_1_30' title="bbox 356 3520 2589 3593; baseline -0.001 -17"><span class='ocrx_word' id='word_1_332' title='bbox 356 3527 490 3588; x_wconf 87' lang='grc' dir='ltr'><em>ζωη,</em></span> <span class='ocrx_word' id='word_1_333' title='bbox 531 3538 698 3592; x_wconf 80' lang='lat' dir='ltr'><strong>quam</strong></span> <span class='ocrx_word' id='word_1_334' title='bbox 729 3521 1016 3577; x_wconf 72' lang='lat' dir='ltr'><strong>lectionem</strong></span> <span class='ocrx_word' id='word_1_335' title='bbox 1058 3525 1319 3591; x_wconf 75' lang='lat' dir='ltr'><strong>sequutus</strong></span> <span class='ocrx_word' id='word_1_336' title='bbox 1362 3522 1578 3576; x_wconf 77' lang='lat' dir='ltr'>uidetur</span> <span class='ocrx_word' id='word_1_337' title='bbox 1612 3521 1879 3592; x_wconf 75' lang='lat' dir='ltr'>Origenes</span> <span class='ocrx_word' id='word_1_338' title='bbox 1892 3528 1924 3552; x_wconf 91' lang='grc'><strong>“</strong></span> <span class='ocrx_word' id='word_1_339' title='bbox 1966 3522 2003 3577; x_wconf 84' lang='lat' dir='ltr'>b</span> <span class='ocrx_word' id='word_1_340' title='bbox 2053 3522 2060 3591; x_wconf 95' lang='grc' dir='ltr'>Ι</span> <span class='ocrx_word' id='word_1_341' title='bbox 2115 3522 2151 3576; x_wconf 86' lang='grc'><strong>8</strong></span> <span class='ocrx_word' id='word_1_342' title='bbox 2188 3523 2348 3593; x_wconf 74' lang='grc' dir='ltr'><strong><em>αδαμ</em></strong></span> <span class='ocrx_word' id='word_1_343' title='bbox 2383 3530 2454 3581; x_wconf 93' lang='grc'>&gt;</span> <span class='ocrx_word' id='word_1_344' title='bbox 2490 3520 2535 3574; x_wconf 83' lang='lat' dir='ltr'>E</span> <span class='ocrx_word' id='word_1_345' title='bbox 2580 3522 2589 3590; x_wconf 88' lang='grc' dir='ltr'>Ι</span> 
     </span>
     <span class='ocr_line' id='line_1_31' title="bbox 355 3606 2587 3678; baseline 0 -16"><span class='ocrx_word' id='word_1_346' title='bbox 355 3609 390 3662; x_wconf 87' lang='grc'>9</span> <span class='ocrx_word' id='word_1_347' title='bbox 426 3628 596 3663; x_wconf 80' lang='grc' dir='ltr'><strong><em>αυτου</em></strong></span> <span class='ocrx_word' id='word_1_348' title='bbox 633 3619 700 3668; x_wconf 97' lang='grc'>&gt;</span> <span class='ocrx_word' id='word_1_349' title='bbox 739 3608 790 3662; x_wconf 84' lang='lat' dir='ltr'>A</span> <span class='ocrx_word' id='word_1_350' title='bbox 842 3608 852 3678; x_wconf 98' lang='grc' dir='ltr'>Ι</span> <span class='ocrx_word' id='word_1_351' title='bbox 905 3608 940 3661; x_wconf 91' lang='grc'>9</span> <span class='ocrx_word' id='word_1_352' title='bbox 975 3611 1101 3677; x_wconf 77' lang='lat' dir='ltr'><strong>post</strong></span> <span class='ocrx_word' id='word_1_353' title='bbox 1146 3628 1232 3662; x_wconf 83' lang='grc' dir='ltr'><strong><em>οτι</em></strong></span> <span class='ocrx_word' id='word_1_354' title='bbox 1275 3612 1336 3674; x_wconf 86' lang='grc' dir='ltr'><strong><em>-Ι-</em></strong></span> <span class='ocrx_word' id='word_1_355' title='bbox 1381 3607 1515 3674; x_wconf 84' lang='grc' dir='ltr'><strong><em>ἇύτη</em></strong></span> <span class='ocrx_word' id='word_1_356' title='bbox 1551 3606 1621 3675; x_wconf 82' lang='grc' dir='ltr'><strong><em>ἦν</em></strong></span> <span class='ocrx_word' id='word_1_357' title='bbox 1656 3624 1712 3674; x_wconf 82' lang='grc' dir='ltr'><strong><em>ο,</em></strong></span> <span class='ocrx_word' id='word_1_358' title='bbox 1764 3607 1902 3675; x_wconf 82' lang='grc' dir='ltr'><strong><em>ἀύτη</em></strong></span> <span class='ocrx_word' id='word_1_359' title='bbox 1941 3610 2007 3677; x_wconf 95' lang='grc' dir='ltr'><strong><em>-Ι-</em></strong></span> <span class='ocrx_word' id='word_1_360' title='bbox 2040 3608 2117 3673; x_wconf 72' lang='lat' dir='ltr'><strong><em>A,</em></strong></span> <span class='ocrx_word' id='word_1_361' title='bbox 2171 3610 2238 3676; x_wconf 91' lang='grc' dir='ltr'><strong><em>-Ι-</em></strong></span> <span class='ocrx_word' id='word_1_362' title='bbox 2288 3606 2423 3676; x_wconf 79' lang='grc' dir='ltr'><strong><em>αὕτη</em></strong></span> <span class='ocrx_word' id='word_1_363' title='bbox 2458 3624 2587 3672; x_wconf 72' lang='lat' dir='ltr'><strong>mrz,</strong></span> 
     </span>
     <span class='ocr_line' id='line_1_32' title="bbox 358 3693 2588 3765; baseline 0.001 -18"><span class='ocrx_word' id='word_1_364' title='bbox 358 3696 578 3763; x_wconf 83' lang='grc' dir='ltr'><strong><em>-Ι-αυτη</em></strong></span> <span class='ocrx_word' id='word_1_365' title='bbox 600 3695 675 3758; x_wconf 89' lang='grc' dir='ltr'><strong><em>Ε,</em></strong></span> <span class='ocrx_word' id='word_1_366' title='bbox 715 3698 777 3759; x_wconf 84' lang='grc' dir='ltr'><strong><em>-Ι-</em></strong></span> <span class='ocrx_word' id='word_1_367' title='bbox 798 3694 933 3763; x_wconf 79' lang='grc' dir='ltr'><strong><em>ἆυτῆ</em></strong></span> <span class='ocrx_word' id='word_1_368' title='bbox 955 3697 984 3750; x_wconf 78' lang='lat' dir='ltr'><strong>t</strong></span> <span class='ocrx_word' id='word_1_369' title='bbox 1013 3695 1022 3763; x_wconf 96' lang='grc' dir='ltr'>Ι</span> <span class='ocrx_word' id='word_1_370' title='bbox 1057 3695 1124 3749; x_wconf 90' lang='grc'><strong><em>10</em></strong></span> <span class='ocrx_word' id='word_1_371' title='bbox 1147 3710 1416 3761; x_wconf 82' lang='grc' dir='ltr'><strong><em>εποιησεν</em></strong></span> <span class='ocrx_word' id='word_1_372' title='bbox 1433 3693 1584 3749; x_wconf 77' lang='lat' dir='ltr'><strong>AEor</strong></span> <span class='ocrx_word' id='word_1_373' title='bbox 1616 3699 1624 3763; x_wconf 91' lang='grc' dir='ltr'>Ι</span> <span class='ocrx_word' id='word_1_374' title='bbox 1660 3697 1723 3750; x_wconf 94' lang='grc'><strong><em>11</em></strong></span> <span class='ocrx_word' id='word_1_375' title='bbox 1761 3697 2040 3751; x_wconf 82' lang='grc' dir='ltr'><strong><em>ενεδεισεν</em></strong></span> <span class='ocrx_word' id='word_1_376' title='bbox 2074 3714 2103 3749; x_wconf 85' lang='lat' dir='ltr'>z</span> <span class='ocrx_word' id='word_1_377' title='bbox 2136 3698 2143 3762; x_wconf 93' lang='grc' dir='ltr'>Ι</span> <span class='ocrx_word' id='word_1_378' title='bbox 2179 3696 2241 3751; x_wconf 95' lang='grc'><strong><em>11</em></strong></span> <span class='ocrx_word' id='word_1_379' title='bbox 2282 3714 2406 3751; x_wconf 84' lang='grc' dir='ltr'><strong><em>ειπε</em></strong></span> <span class='ocrx_word' id='word_1_380' title='bbox 2436 3696 2588 3765; x_wconf 78' lang='lat' dir='ltr'>mt²l</span> 
     </span>
     <span class='ocr_line' id='line_1_33' title="bbox 358 3780 2588 3854; baseline -0 -17"><span class='ocrx_word' id='word_1_381' title='bbox 358 3783 420 3837; x_wconf 88' lang='grc'><strong><em>11</em></strong></span> <span class='ocrx_word' id='word_1_382' title='bbox 435 3785 567 3837; x_wconf 76' lang='lat' dir='ltr'><strong>ante</strong></span> <span class='ocrx_word' id='word_1_383' title='bbox 595 3801 624 3834; x_wconf 94' lang='grc' dir='ltr'><strong><em>ο</em></strong></span> <span class='ocrx_word' id='word_1_384' title='bbox 645 3783 712 3851; x_wconf 88' lang='grc' dir='ltr'><strong><em>-Ι-</em></strong></span> <span class='ocrx_word' id='word_1_385' title='bbox 738 3800 924 3854; x_wconf 82' lang='grc' dir='ltr'><strong><em>κυριος</em></strong></span> <span class='ocrx_word' id='word_1_386' title='bbox 943 3780 1177 3851; x_wconf 70' lang='grc' dir='ltr'><strong><em>ΑΕιιιηΙ</em></strong></span> <span class='ocrx_word' id='word_1_387' title='bbox 1204 3782 1267 3835; x_wconf 92' lang='grc'><strong><em>11</em></strong></span> <span class='ocrx_word' id='word_1_388' title='bbox 1286 3802 1317 3836; x_wconf 93' lang='grc' dir='ltr'><strong><em>ο</em></strong></span> <span class='ocrx_word' id='word_1_389' title='bbox 1343 3788 1474 3840; x_wconf 78' lang='grc' dir='ltr'><strong><em>θεος</em></strong></span> <span class='ocrx_word' id='word_1_390' title='bbox 1489 3781 1821 3847; x_wconf 82' lang='lat' dir='ltr'><strong>AEabmrtz,</strong></span> <span class='ocrx_word' id='word_1_391' title='bbox 1858 3802 2049 3842; x_wconf 84' lang='grc' dir='ltr'><strong><em>αυτοις</em></strong></span> <span class='ocrx_word' id='word_1_392' title='bbox 2068 3799 2096 3838; x_wconf 82' lang='grc' dir='ltr'><strong><em>ο</em></strong></span> <span class='ocrx_word' id='word_1_393' title='bbox 2126 3785 2135 3847; x_wconf 91' lang='grc' dir='ltr'>Ι</span> <span class='ocrx_word' id='word_1_394' title='bbox 2170 3784 2237 3839; x_wconf 81' lang='lat'><strong><em>13</em></strong></span> <span class='ocrx_word' id='word_1_395' title='bbox 2262 3797 2489 3837; x_wconf 81' lang='grc' dir='ltr'><strong><em>εκτεινει</em></strong></span> <span class='ocrx_word' id='word_1_396' title='bbox 2505 3783 2588 3851; x_wconf 65' lang='lat' dir='ltr'><strong><em>ml</em></strong></span> 
     </span>
     <span class='ocr_line' id='line_1_34' title="bbox 356 3865 2588 3941; baseline -0.002 -18"><span class='ocrx_word' id='word_1_397' title='bbox 356 3869 424 3923; x_wconf 86' lang='lat'><strong><em>13</em></strong></span> <span class='ocrx_word' id='word_1_398' title='bbox 459 3888 632 3922; x_wconf 84' lang='grc' dir='ltr'><strong><em>αυτου</em></strong></span> <span class='ocrx_word' id='word_1_399' title='bbox 655 3878 725 3927; x_wconf 95' lang='grc'>&gt;</span> <span class='ocrx_word' id='word_1_400' title='bbox 747 3867 871 3921; x_wconf 82' lang='grc' dir='ltr'><strong><em>ΑΕι·</em></strong></span> <span class='ocrx_word' id='word_1_401' title='bbox 902 3868 910 3938; x_wconf 94' lang='grc' dir='ltr'>Ι</span> <span class='ocrx_word' id='word_1_402' title='bbox 946 3868 1014 3922; x_wconf 86' lang='grc'>14</span> <span class='ocrx_word' id='word_1_403' title='bbox 1037 3887 1150 3921; x_wconf 86' lang='grc' dir='ltr'><strong><em>απο</em></strong></span> <span class='ocrx_word' id='word_1_404' title='bbox 1175 3866 1362 3927; x_wconf 75' lang='lat' dir='ltr'><strong><em>&gt;AB</em></strong></span> <span class='ocrx_word' id='word_1_405' title='bbox 1392 3869 1401 3937; x_wconf 97' lang='grc' dir='ltr'>Ι</span> <span class='ocrx_word' id='word_1_406' title='bbox 1435 3868 1673 3941; x_wconf 87' lang='grc' dir='ltr'><strong><em>14φαγη</em></strong></span> <span class='ocrx_word' id='word_1_407' title='bbox 1702 3888 1797 3922; x_wconf 85' lang='grc' dir='ltr'><strong><em>και</em></strong></span> <span class='ocrx_word' id='word_1_408' title='bbox 1824 3880 1891 3930; x_wconf 96' lang='grc'>&gt;</span> <span class='ocrx_word' id='word_1_409' title='bbox 1912 3875 2005 3924; x_wconf 85' lang='lat' dir='ltr'><strong><em>m¹</em></strong></span> <span class='ocrx_word' id='word_1_410' title='bbox 2036 3871 2045 3938; x_wconf 96' lang='grc' dir='ltr'>Ι</span> <span class='ocrx_word' id='word_1_411' title='bbox 2080 3871 2147 3926; x_wconf 88' lang='grc'><strong><em>16</em></strong></span> <span class='ocrx_word' id='word_1_412' title='bbox 2180 3873 2443 3941; x_wconf 74' lang='grc' dir='ltr'><strong><em>ελημφθη</em></strong></span> <span class='ocrx_word' id='word_1_413' title='bbox 2464 3865 2588 3936; x_wconf 83' lang='grc' dir='ltr'><strong><em>ΑΕΙ</em></strong></span> 
     </span>
     <span class='ocr_line' id='line_1_35' title="bbox 357 3952 2586 4024; baseline 0.001 -14"><span class='ocrx_word' id='word_1_414' title='bbox 357 3957 421 4010; x_wconf 86' lang='grc'>16</span> <span class='ocrx_word' id='word_1_415' title='bbox 458 3958 716 4024; x_wconf 82' lang='grc' dir='ltr'><strong><em>εξεβαλεν</em></strong></span> <span class='ocrx_word' id='word_1_416' title='bbox 751 3953 873 4009; x_wconf 80' lang='grc' dir='ltr'><strong><em>ΑΕι·</em></strong></span> <span class='ocrx_word' id='word_1_417' title='bbox 903 3957 912 4021; x_wconf 92' lang='grc' dir='ltr'>Ι</span> <span class='ocrx_word' id='word_1_418' title='bbox 946 3956 1012 4010; x_wconf 84' lang='grc'>17</span> <span class='ocrx_word' id='word_1_419' title='bbox 1049 3970 1382 4009; x_wconf 78' lang='grc' dir='ltr'><strong><em>κατωκεισεν</em></strong></span> <span class='ocrx_word' id='word_1_420' title='bbox 1417 3955 1495 4020; x_wconf 87' lang='lat' dir='ltr'><strong><em>A,</em></strong></span> <span class='ocrx_word' id='word_1_421' title='bbox 1532 3971 1848 4023; x_wconf 77' lang='grc' dir='ltr'><strong><em>κατωκησεν</em></strong></span> <span class='ocrx_word' id='word_1_422' title='bbox 1881 3975 1969 4022; x_wconf 83' lang='lat' dir='ltr'><strong><em>rz,</em></strong></span> <span class='ocrx_word' id='word_1_423' title='bbox 2006 3960 2068 4011; x_wconf 66' lang='grc' dir='ltr'><strong><em>τ’</em></strong></span> <span class='ocrx_word' id='word_1_424' title='bbox 2090 3956 2212 4010; x_wconf 84' lang='lat' dir='ltr'><strong><em>=b</em></strong></span> <span class='ocrx_word' id='word_1_425' title='bbox 2250 3958 2260 4021; x_wconf 89' lang='grc' dir='ltr'>Ι</span> <span class='ocrx_word' id='word_1_426' title='bbox 2304 3952 2461 4023; x_wconf 78' lang='lat' dir='ltr'>17s18</span> <span class='ocrx_word' id='word_1_427' title='bbox 2494 3972 2586 4019; x_wconf 77' lang='grc' dir='ltr'><strong><em>της</em></strong></span> 
     </span>
     <span class='ocr_line' id='line_1_36' title="bbox 353 4040 2588 4117; baseline -0.001 -23"><span class='ocrx_word' id='word_1_428' title='bbox 353 4061 566 4113; x_wconf 82' lang='grc' dir='ltr'><strong><em>τρυφης</em></strong></span> <span class='ocrx_word' id='word_1_429' title='bbox 603 4061 702 4095; x_wconf 80' lang='grc' dir='ltr'><strong><em>του</em></strong></span> <span class='ocrx_word' id='word_1_430' title='bbox 725 4042 1076 4114; x_wconf 77' lang='grc' dir='ltr'><strong><em>παραδεισου</em></strong></span> <span class='ocrx_word' id='word_1_431' title='bbox 1101 4044 1210 4097; x_wconf 63' lang='lat' dir='ltr'><strong><em>mtn</em></strong></span> <span class='ocrx_word' id='word_1_432' title='bbox 1241 4044 1250 4110; x_wconf 93' lang='grc' dir='ltr'>Ι</span> <span class='ocrx_word' id='word_1_433' title='bbox 1282 4042 1353 4098; x_wconf 89' lang='grc'><strong><em>18</em></strong></span> <span class='ocrx_word' id='word_1_434' title='bbox 1387 4046 1576 4104; x_wconf 84' lang='grc' dir='ltr'><strong><em>εταξεν</em></strong></span> <span class='ocrx_word' id='word_1_435' title='bbox 1600 4041 1725 4098; x_wconf 83' lang='lat' dir='ltr'><strong><em>AEr</em></strong></span> <span class='ocrx_word' id='word_1_436' title='bbox 1754 4045 1763 4109; x_wconf 92' lang='grc' dir='ltr'>Ι</span> <span class='ocrx_word' id='word_1_437' title='bbox 1795 4043 1864 4097; x_wconf 90' lang='grc'>18</span> <span class='ocrx_word' id='word_1_438' title='bbox 1892 4048 2159 4117; x_wconf 81' lang='grc' dir='ltr'><strong><em>χερουβιν</em></strong></span> <span class='ocrx_word' id='word_1_439' title='bbox 2181 4040 2247 4105; x_wconf 85' lang='grc' dir='ltr'><strong><em>Α,</em></strong></span> <span class='ocrx_word' id='word_1_440' title='bbox 2275 4044 2588 4111; x_wconf 79' lang='grc' dir='ltr'><strong><em>χερουβειμ</em></strong></span> 
     </span>
     <span class='ocr_line' id='line_1_37' title="bbox 353 4126 2589 4202; baseline -0.002 -19"><span class='ocrx_word' id='word_1_441' title='bbox 353 4144 416 4183; x_wconf 76' lang='lat' dir='ltr'><strong><em>ar</em></strong></span> <span class='ocrx_word' id='word_1_442' title='bbox 437 4169 451 4183; x_wconf 91' lang='lat'><strong>.</strong></span> <span class='ocrx_word' id='word_1_443' title='bbox 477 4127 736 4184; x_wconf 71' lang='lat' dir='ltr'><strong>adscribit</strong></span> <span class='ocrx_word' id='word_1_444' title='bbox 769 4145 798 4182; x_wconf 87' lang='lat' dir='ltr'><strong>r</strong></span> <span class='ocrx_word' id='word_1_445' title='bbox 833 4129 1134 4199; x_wconf 72' lang='grc' dir='ltr'><strong><em>ἐπίγνωσις</em></strong></span> <span class='ocrx_word' id='word_1_446' title='bbox 1167 4134 1617 4202; x_wconf 70' lang='grc' dir='ltr'><strong><em>πεπληθυμμένη</em></strong></span> <span class='ocrx_word' id='word_1_447' title='bbox 1639 4170 1651 4181; x_wconf 95' lang='grc'><strong><em>.</em></strong></span> <span class='ocrx_word' id='word_1_448' title='bbox 1691 4130 1750 4183; x_wconf 83' lang='lat' dir='ltr'><strong><em>in</em></strong></span> <span class='ocrx_word' id='word_1_449' title='bbox 1796 4128 1983 4183; x_wconf 81' lang='lat' dir='ltr'><strong>eodem</strong></span> <span class='ocrx_word' id='word_1_450' title='bbox 2018 4146 2045 4181; x_wconf 89' lang='lat' dir='ltr'>r</span> <span class='ocrx_word' id='word_1_451' title='bbox 2096 4130 2426 4199; x_wconf 77' lang='grc' dir='ltr'><strong><em>σευηριανοῦ</em></strong></span> <span class='ocrx_word' id='word_1_452' title='bbox 2464 4126 2589 4180; x_wconf 75' lang='grc' dir='ltr'><strong><em>ἐπι-</em></strong></span> 
     </span>
     <span class='ocr_line' id='line_1_38' title="bbox 355 4210 2589 4289; baseline -0.001 -20"><span class='ocrx_word' id='word_1_453' title='bbox 355 4214 574 4269; x_wconf 77' lang='grc' dir='ltr'><strong><em>σκόπου</em></strong></span> <span class='ocrx_word' id='word_1_454' title='bbox 619 4213 910 4285; x_wconf 79' lang='grc' dir='ltr'><strong><em>γαβάλων·</em></strong></span> <span class='ocrx_word' id='word_1_455' title='bbox 971 4214 1032 4269; x_wconf 88' lang='grc' dir='ltr'><strong><em>τὸ</em></strong></span> <span class='ocrx_word' id='word_1_456' title='bbox 1083 4213 1347 4289; x_wconf 80' lang='grc' dir='ltr'><strong><em>ἑβραϊκόν</em></strong></span> <span class='ocrx_word' id='word_1_457' title='bbox 1401 4215 1770 4289; x_wconf 79' lang='grc' dir='ltr'><strong><em>ἀκχερουβεὶμ</em></strong></span> <span class='ocrx_word' id='word_1_458' title='bbox 1799 4252 1813 4265; x_wconf 93' lang='grc'><strong><em>.</em></strong></span> <span class='ocrx_word' id='word_1_459' title='bbox 1850 4213 1884 4265; x_wconf 80' lang='grc' dir='ltr'><em>ὃ</em></span> <span class='ocrx_word' id='word_1_460' title='bbox 1916 4214 2031 4266; x_wconf 77' lang='grc' dir='ltr'><strong><em>ἐστι</em></strong></span> <span class='ocrx_word' id='word_1_461' title='bbox 2075 4216 2348 4286; x_wconf 80' lang='grc' dir='ltr'><strong><em>χερουβέν</em></strong></span> <span class='ocrx_word' id='word_1_462' title='bbox 2368 4250 2381 4264; x_wconf 94' lang='grc'><strong><em>.</em></strong></span> <span class='ocrx_word' id='word_1_463' title='bbox 2422 4210 2487 4265; x_wconf 83' lang='grc' dir='ltr'><strong><em>τὸ</em></strong></span> <span class='ocrx_word' id='word_1_464' title='bbox 2526 4214 2589 4267; x_wconf 78' lang='grc' dir='ltr'><strong><em>δὲ</em></strong></span> 
     </span>
     <span class='ocr_line' id='line_1_39' title="bbox 352 4296 2585 4375; baseline -0 -20"><span class='ocrx_word' id='word_1_465' title='bbox 352 4302 736 4375; x_wconf 73' lang='grc' dir='ltr'><strong><em>ἀκχερουβεὶμ</em></strong></span> <span class='ocrx_word' id='word_1_466' title='bbox 789 4305 1054 4373; x_wconf 81' lang='grc' dir='ltr'><strong><em>σημαίνει</em></strong></span> <span class='ocrx_word' id='word_1_467' title='bbox 1107 4302 1386 4371; x_wconf 75' lang='grc' dir='ltr'><strong><em>ἐπίγνωθι</em></strong></span> <span class='ocrx_word' id='word_1_468' title='bbox 1441 4302 1536 4353; x_wconf 79' lang='grc' dir='ltr'><strong><em>καὶ</em></strong></span> <span class='ocrx_word' id='word_1_469' title='bbox 1591 4302 1949 4365; x_wconf 70' lang='grc' dir='ltr'><strong><em>συνετίσθητι</em></strong></span> <span class='ocrx_word' id='word_1_470' title='bbox 1970 4340 1983 4354; x_wconf 93' lang='grc'><strong><em>.</em></strong></span> <span class='ocrx_word' id='word_1_471' title='bbox 2027 4302 2121 4351; x_wconf 77' lang='grc' dir='ltr'><strong><em>καὶ</em></strong></span> <span class='ocrx_word' id='word_1_472' title='bbox 2175 4296 2240 4353; x_wconf 80' lang='grc' dir='ltr'><strong><em>τὸ</em></strong></span> <span class='ocrx_word' id='word_1_473' title='bbox 2292 4298 2399 4369; x_wconf 78' lang='grc' dir='ltr'><strong><em>μὲν</em></strong></span> <span class='ocrx_word' id='word_1_474' title='bbox 2446 4298 2585 4371; x_wconf 75' lang='grc' dir='ltr'><strong><em>ἅχερ</em></strong></span> 
     </span>
     <span class='ocr_line' id='line_1_40' title="bbox 354 4382 2579 4461; baseline -0.001 -20"><span class='ocrx_word' id='word_1_475' title='bbox 354 4386 544 4457; x_wconf 74' lang='lat' dir='ltr'><strong>[codex</strong></span> <span class='ocrx_word' id='word_1_476' title='bbox 577 4386 643 4441; x_wconf 84' lang='grc' dir='ltr'><strong><em>τὸ</em></strong></span> <span class='ocrx_word' id='word_1_477' title='bbox 683 4384 978 4461; x_wconf 82' lang='grc' dir='ltr'><strong><em>μενάχερ].</em></strong></span> <span class='ocrx_word' id='word_1_478' title='bbox 1017 4387 1300 4457; x_wconf 76' lang='grc' dir='ltr'><strong><em>ἔπίγνωθι</em></strong></span> <span class='ocrx_word' id='word_1_479' title='bbox 1331 4392 1510 4441; x_wconf 80' lang='grc' dir='ltr'><strong><em>κεῖται</em></strong></span> <span class='ocrx_word' id='word_1_480' title='bbox 1551 4386 1614 4439; x_wconf 76' lang='grc' dir='ltr'><strong><em>ἐν</em></strong></span> <span class='ocrx_word' id='word_1_481' title='bbox 1650 4388 1899 4457; x_wconf 79' lang='grc' dir='ltr'><strong><em>γενέσει,</em></strong></span> <span class='ocrx_word' id='word_1_482' title='bbox 1942 4382 2007 4439; x_wconf 84' lang='grc' dir='ltr'><strong><em>τὸ</em></strong></span> <span class='ocrx_word' id='word_1_483' title='bbox 2050 4386 2113 4440; x_wconf 78' lang='grc' dir='ltr'><strong><em>δὲ</em></strong></span> <span class='ocrx_word' id='word_1_484' title='bbox 2150 4388 2344 4455; x_wconf 79' lang='grc' dir='ltr'><strong><em>δῦβεὶν</em></strong></span> <span class='ocrx_word' id='word_1_485' title='bbox 2379 4386 2579 4459; x_wconf 76' lang='grc' dir='ltr'><strong><em>μηνίει</em></strong></span> 
     </span>
     <span class='ocr_line' id='line_1_41' title="bbox 348 4470 2049 4549; baseline 0 -22"><span class='ocrx_word' id='word_1_486' title='bbox 348 4478 710 4541; x_wconf 69' lang='grc' dir='ltr'><strong><em>συνετισθητι</em></strong></span> <span class='ocrx_word' id='word_1_487' title='bbox 747 4474 807 4529; x_wconf 78' lang='grc' dir='ltr'><strong><em>ἔν</em></strong></span> <span class='ocrx_word' id='word_1_488' title='bbox 837 4479 916 4545; x_wconf 75' lang='grc' dir='ltr'><strong><em>τῷ</em></strong></span> <span class='ocrx_word' id='word_1_489' title='bbox 952 4470 1152 4544; x_wconf 78' lang='grc' dir='ltr'><strong><em>δανιήλ</em></strong></span> <span class='ocrx_word' id='word_1_490' title='bbox 1200 4475 1210 4540; x_wconf 94' lang='grc' dir='ltr'>Ι</span> <span class='ocrx_word' id='word_1_491' title='bbox 1254 4472 1319 4527; x_wconf 86' lang='grc'>19</span> <span class='ocrx_word' id='word_1_492' title='bbox 1355 4490 1458 4541; x_wconf 84' lang='grc' dir='ltr'><strong><em>την</em></strong></span> <span class='ocrx_word' id='word_1_493' title='bbox 1490 4488 1877 4549; x_wconf 80' lang='grc' dir='ltr'><strong><em>στρεφομενην</em></strong></span> <span class='ocrx_word' id='word_1_494' title='bbox 1913 4482 1981 4533; x_wconf 97' lang='grc'>&gt;</span> <span class='ocrx_word' id='word_1_495' title='bbox 2016 4489 2049 4527; x_wconf 82' lang='lat' dir='ltr'><strong>a</strong></span> 
     </span>
    </p>
   </div>
  </div>
 </body>
</html>
