3169 4941
1108 1599 1505 1731 camp-¹:23
1553 1620 1899 1731 imm-‘232
1940 1646 2039 1717 niz
2078 1617 2248 1728 ³²3¹?
2287 1647 2414 1717 wa

1783 1765 2080 1820 Hieremias
2118 1765 2167 1832 4,
2201 1766 2249 1819 3.

327 1971 496 2083 Cum
544 2017 802 2078 aduersa
843 2017 1187 2078 ualetudine
1232 2037 1309 2078 ex
1348 2017 1630 2078 diuturna
1667 2036 1933 2078 mearum
1972 2036 2172 2078 rerum
2213 2017 2455 2098 priuata
2496 2027 2559 2078 et

323 2115 567 2195 publica
623 2114 836 2176 horum
889 2124 1227 2196 temporum
1302 2115 1551 2177 tristitia
1617 2115 2047 2195 indefessisque
2104 2115 2263 2177 circa
2322 2116 2557 2178 codices

330 2212 751 2274 describendos
800 2222 863 2274 et
899 2215 1285 2275 conferendos
1331 2213 1543 2275 studiis
1591 2221 1901 2275 contracta
1951 2233 2129 2293 cogar
2167 2214 2373 2275 statim
2417 2222 2560 2295 post

332 2311 669 2372 absolutam
734 2310 991 2373 Genesis
1046 2312 1366 2373 editionem
1421 2311 1603 2372 inerti
1655 2311 2007 2372 balneorum
2062 2312 2184 2373 otio
2237 2332 2332 2373 me
2392 2315 2556 2386 dare,

332 2410 525 2470 facere
548 2428 664 2472 non
690 2428 955 2490 possum,
989 2411 1145 2489 quod
1180 2408 1657 2490 aliquantumdiu
1695 2428 2082 2490 speraueram
2118 2410 2244 2470 fore
2269 2419 2338 2473 ut
2359 2412 2556 2473 facere

334 2526 589 2587 possem,
648 2517 721 2570 ut
758 2527 954 2571 meam
991 2542 1076 2553 —
1118 2527 1237 2570 non
1297 2508 1476 2589 plane
1525 2509 1665 2570 noui
1709 2507 1772 2569 in
1825 2509 1942 2569 hoc
1991 2508 2299 2570 literarum
2342 2527 2556 2589 genere

331 2605 589 2667 hominis
630 2641 715 2652 —
760 2609 834 2669 de
880 2607 1155 2669 uersione
1200 2607 1586 2689 septuaginta
1637 2606 1900 2668 uirorum
1943 2607 2178 2668 edenda
2219 2606 2558 2687 opinionem

329 2703 482 2765 libro
542 2705 879 2784 germanico
944 2706 1279 2786 explanem.
1382 2726 1591 2767 uerum
1648 2724 1782 2766 cum
1842 2704 2030 2765 sciam
2084 2724 2204 2765 non
2261 2705 2558 2767 nullorum

330 2801 593 2863 uirorum
630 2802 808 2865 laude
854 2823 990 2865 mea
1028 2804 1321 2866 maiorum
1364 2804 1515 2866 scire
1556 2803 1868 2877 interesse,
1928 2822 2080 2883 quas
2127 2802 2273 2864 mihi
2322 2803 2454 2883 ipse
2495 2803 2560 2864 in

331 2918 514 2981 opere
556 2904 937 2981 exsequendo
962 2902 1123 2982 leges
1153 2900 1515 2981 scripserim,
1556 2900 1822 2962 breuiter
1865 2902 1938 2961 de
1977 2908 2106 2961 toto
2137 2900 2384 2962 consilio
2426 2919 2558 2962 meo

332 2999 496 3078 apud
541 2998 805 3061 animum
846 3000 1130 3063 constitui
1175 3020 1491 3080 exponere.

502 3096 598 3159 Ac
645 3096 903 3178 primum
960 3098 1198 3178 quidem
1256 3098 1319 3159 id
1372 3098 1576 3178 negari
1634 3117 1673 3158 a
1726 3098 1888 3159 nullo
1951 3094 2202 3177 poterit,
2268 3093 2560 3156 uersionis

330 3194 493 3256 illius
554 3194 817 3256 codicem
870 3215 989 3257 non
1042 3216 1375 3276 superesse,
1438 3215 1472 3258 e
1532 3214 1648 3275 quo
1700 3204 1930 3256 ceteros
1978 3201 2215 3255 constet
2258 3191 2560 3254 derina-tos

334 3312 496 3367 esse,
551 3292 790 3372 qualem
839 3294 1282 3356 laurentianum
1334 3294 1626 3355 habemus
1681 3292 2000 3372 Sophoclis
2058 3299 2121 3351 et
2165 3290 2454 3373 Aeschyli
2501 3297 2564 3350 et

334 3397 428 3450 tot
466 3389 638 3462 alioS‚
684 3389 937 3451 aliorum
975 3391 1333 3470 scriptorum
1361 3393 1726 3453 edendorum
1765 3392 1959 3452 fontes
2004 3387 2228 3449 unione.
2293 3386 2564 3469 sequitur

334 3506 526 3567 neque
571 3506 673 3548 eos
718 3487 820 3567 qui
857 3488 1203 3549 uaticanum
1225 3489 1444 3550 librum
1484 3508 1676 3569 neque
1712 3488 1813 3568 qui
1852 3485 2308 3549 alexandrinum
2345 3478 2561 3547 editio-

334 3606 477 3648 num
504 3605 746 3647 suarum
768 3587 1219 3649 fundamentum
1259 3607 1392 3648 esse
1416 3587 1625 3660 uelint,
1670 3595 1832 3648 recte
1863 3586 1976 3647 hoc
2014 3584 2172 3646 uelle
2215 3582 2332 3645 dici
2362 3601 2559 3663 posse.

502 3683 852 3745 Proximum
904 3693 999 3745 est
1035 3693 1105 3745 ut
1156 3704 1189 3745 e
1233 3685 1502 3747 codicum
1558 3683 1896 3746 uncialibus
1955 3682 2148 3747 literis
2203 3681 2562 3762 scriptorum

336 3782 599 3845 omnium
654 3780 993 3843 conlatione
1058 3790 1324 3844 ueterem
1380 3782 1648 3863 aliquam
1701 3783 1799 3844 uel
1855 3802 2036 3843 unam
2089 3778 2562 3842 uetustissimam

335 3881 623 3944 orationis
683 3882 937 3942 formam
1011 3898 1121 3941 nos
1173 3883 1485 3944 credamus
1524 3879 1824 3942 inuenire
1881 3900 2078 3961 posse.
2155 3878 2263 3939 sed
2321 3896 2397 3938 ne
2447 3876 2564 3938 hac

336 3978 577 4060 quidem
618 3978 721 4041 uia
762 3977 1016 4039 multum
1072 3980 1543 4060 exspectandum
1586 3997 1720 4039 esse
1762 3978 2054 4040 uideatur.
2137 3996 2211 4038 ac
2253 3994 2368 4055 quo
2411 3974 2564 4037 faci-

335 4077 450 4139 lius
495 4076 895 4156 intellegatur,
956 4095 1136 4156 quam
1197 4085 1358 4139 recte
1410 4094 1632 4157 pronos
1697 4077 1777 4137 ad
1832 4075 2195 4155 sperandum
2256 4072 2564 4135 hominum

338 4174 570 4236 animos
615 4173 773 4235 hanc
798 4192 969 4253 spem
1013 4183 1215 4237 uetem
1260 4192 1496 4255 capere,
1534 4173 1638 4253 qui
1683 4172 1917 4235 codices
1949 4181 2090 4234 ante
2119 4191 2343 4233 annum
2383 4190 2563 4234 aerae

336 4280 580 4334 nostrae
645 4270 1030 4334 millesimum
1092 4271 1303 4352 scripti
1372 4270 1680 4351 supersint
1728 4270 2056 4333 enarrabo:
2122 4271 2563 4350 tenendumque

338 4390 435 4433 me
478 4370 585 4444 eiS,
643 4388 793 4450 quas
846 4368 1097 4451 singulis
1157 4370 1365 4433 literas
1408 4368 1764 4451 praefixere,
1821 4369 1882 4431 in
1933 4370 2198 4431 futurum
2253 4377 2564 4448 tamquam

338 4468 563 4531 codicis
606 4468 774 4550 signo
810 4468 874 4530 in
918 4469 1085 4530 libris
1130 4469 1279 4531 meis
1322 4486 1569 4531 usurum
1609 4486 1758 4531 esse.
