3169 4941
1331 431 1559 489 Genesis
1587 434 1677 489 44.
2520 438 2624 495 188

337 610 363 656 1
398 591 483 659 τὰ
526 588 779 683 ῥήματα
816 596 1039 661 ταῦτα.
1116 596 1139 635 '¹
1156 589 1223 660 οἶ
1262 593 1337 662 δὲ
1378 584 1575 661 εἶπαν
1619 587 1794 684 αὐτῷ
1819 592 1970 662 Ἵνα
2005 592 2076 664 τί
2114 598 2298 665 λαλεῖ
2343 595 2381 667 ὃ
2411 598 2626 688 κύριος

399 696 565 763 κατὰ
620 696 703 762 τὰ
744 694 995 785 ῥήματα
1038 700 1278 779 ταῦτας
1331 697 1419 786 μὴ
1460 695 1708 784 γένοιτο
1749 704 1893 779 τοῖς
1947 697 2147 767 παισί
2189 700 2316 768 σου’
2347 708 2626 793 ποιῆσαι

398 798 563 867 κατὰ
603 799 682 868 τὸ
725 804 895 889 ῥῆμα
933 802 1143 867 τοῦτο.
1212 803 1239 843 ⁸
1252 797 1313 867 εἰ
1346 801 1423 869 τὸ
1464 800 1581 886 μὲν
1625 794 1946 891 ἀργύριον,
1989 798 2028 871 ὃ
2069 802 2332 891 εὕρομεν
2373 804 2445 872 ἐν
2486 812 2627 887 τοῖς

400 899 823 993 μαρσίπποις
871 900 1047 993 ἡμῶν
1061 956 1077 987 ,
1150 902 1664 993 ἀπεστρέψαμεν
1718 906 1886 996 πρὸς
1927 906 2004 974 σὲ
2059 906 2132 973 ἐκ
2170 910 2283 997 γῆς
2341 904 2624 991 Χαναάν,

338 1026 367 1073 5
402 1010 547 1087 πῶς
586 1004 667 1075 ἂν
714 1005 1076 1095 κλέψαιμεν
1130 1004 1203 1075 ἐκ
1246 1012 1361 1075 τοῦ
1408 1004 1586 1076 οἴκου
1641 1013 1758 1078 τοῦ
1801 1007 2024 1100 κυρίου
2082 1033 2200 1079 σου
2245 1005 2540 1102 ἀργύριον
2581 1010 2626 1103 ἢ

392 1108 690 1199 χρυσίονς
740 1115 767 1155 ⁹
789 1112 942 1198 παρ’
988 1103 1043 1199 ᾧ
1082 1106 1165 1177 ἂν
1206 1110 1389 1201 εὕρῃς
1430 1112 1507 1181 τὸ
1546 1111 1740 1181 κόνδυ
1783 1117 1910 1181 τῶν
1951 1111 2210 1181 παίδων
2253 1138 2400 1200 σου,
2448 1109 2622 1185 ἀπο-

396 1212 763 1304 θνησκέτω·
830 1215 945 1281 καὶ
1000 1211 1186 1305 ἡμεῖς
1240 1216 1315 1283 δὲ
1368 1214 1669 1302 ἐσόμεθα
1726 1221 1964 1298 παῖδες
2018 1222 2112 1307 τῷ
2166 1217 2368 1307 κυρίῳ
2423 1219 2620 1311 ἡμῶν.

406 1324 467 1361 ²⁰
488 1315 527 1387 ὃ
580 1318 655 1386 δὲ
697 1312 849 1385 εἶπε
893 1319 1033 1385 Καὶ
1091 1325 1199 1385 νῦν
1257 1316 1346 1399 ὥς
1390 1320 1604 1407 λέγετε
1622 1372 1638 1403 ,
1714 1319 1921 1401 οὕτως
1958 1318 2145 1391 ἔσται
2161 1346 2174 1362 ·
2244 1328 2403 1413 παρ’
2453 1317 2506 1413 ᾧ
2543 1320 2624 1393 ἂν

396 1418 631 1512 εὑρεθῇ
668 1421 747 1490 τὸ
790 1417 979 1490 κόνδυ
994 1476 1009 1507 ,
1059 1420 1247 1492 ἔσται
1287 1448 1414 1509 μου
1458 1429 1626 1505 παῖς
1640 1478 1656 1509 ,
1703 1424 1888 1510 ὑμεῖς
1925 1425 2000 1493 δὲ
2039 1424 2281 1495 ἔσεσθε
2313 1427 2620 1518 καθαροί.

301 1545 366 1592 10
407 1526 585 1592 11καὶ
627 1522 954 1594 ἔσπευσαν
996 1525 1111 1593 καὶ
1156 1529 1474 1597 καθεῖλαν
1518 1529 1786 1609 ἕκαστος
1823 1530 1938 1597 τὸν
1981 1526 2376 1620 μάρσιππον
2423 1525 2620 1601 αὐτοῦ

396 1628 517 1697 ἐπὶ
570 1628 687 1718 τὴν
744 1636 859 1719 γῆν
873 1682 889 1713 ,
970 1630 1080 1697 καὶ
1132 1627 1390 1721 ἤνοιξαν
1447 1630 1716 1713 ἕκαστος
1784 1632 1896 1701 τὸν
1958 1629 2352 1721 μάρσιππον
2409 1632 2620 1705 αὐτοῦ.

404 1737 466 1777 1²
480 1728 781 1823 ἠρεύνησε
836 1733 911 1802 δὲ
968 1726 1110 1803 ἆπό
1161 1739 1281 1802 τοῦ
1338 1737 1780 1826 πρεσβυτέρου
1836 1732 2194 1826 ἀρξάμενος
2255 1737 2378 1818 ἕως
2417 1733 2618 1829 ἦλθεν

396 1835 517 1903 ἐπὶ
557 1836 671 1903 τὸν
710 1832 1017 1927 νεώτερον
1033 1891 1050 1921 ,
1110 1837 1223 1905 καὶ
1276 1832 1419 1925 εὗρε
1464 1838 1542 1906 τὸ
1584 1835 1778 1909 κόνδυ
1839 1838 1908 1907 ἐν
1951 1844 2046 1929 τῷ
2088 1838 2460 1930 μαρσίππῳ
2501 1846 2620 1911 τοῦ

394 1938 727 2025 Βενιαμίν.
824 1944 884 1985 ²³
898 1940 1011 2008 καὶ
1044 1942 1377 2032 διέρρηξαν
1418 1944 1501 2009 τὰ
1542 1938 1774 2028 ἱμάτια
1823 1937 2034 2011 αὐτῶν
2047 1998 2064 2028 ,
2121 1944 2236 2012 καὶ
2275 1944 2620 2037 ἐπέθηκαν

297 2065 359 2113 15
392 2041 681 2124 ἕκαστος
708 2046 822 2114 τὸν
861 2044 1257 2133 μάρσιππον
1302 2038 1502 2114 αὐτοῦ
1545 2045 1666 2114 ἐπὶ
1707 2048 1822 2115 τὸν
1867 2044 2015 2115 όνον
2059 2040 2279 2133 αὐτοῦ,
2323 2050 2433 2117 καὶ
2461 2047 2620 2119 ἐπέ-

392 2162 685 2239 στρεψαν
726 2146 824 2228 εἰς
866 2148 981 2238 τὴν
1026 2145 1245 2217 πόλιν.
1317 2155 1376 2192 ¹⁴
1391 2147 1660 2240 εἰσῆλθε
1693 2150 1768 2218 δὲ
1806 2144 2042 2231 Ἰούδας
2083 2152 2194 2219 καὶ
2233 2150 2299 2220 οἱ
2341 2147 2622 2245 αδελφοὶ

389 2246 584 2320 αὐτοῦ
628 2252 797 2341 πρὸς
836 2249 1103 2343 Ἰωσήφ,
1164 2280 1265 2321 ετι
1308 2248 1502 2321 αὗτου
1543 2249 1729 2335 όντος
1773 2253 1934 2322 ἐκεῖ·
2000 2254 2112 2322 καὶ
2156 2253 2398 2325 ε’πεσον
2437 2255 2620 2325 ἐναν-

390 2352 531 2424 τίον
590 2350 785 2424 αὐτου
840 2354 961 2424 ἐπι
1010 2358 1126 2447 τὴν
1184 2364 1319 2447 γῆν.
1421 2362 1479 2400 ¹⁶
1507 2351 1659 2424 εἶπε
1719 2358 1794 2425 δε
1851 2354 2070 2437 αὐτοῖς
2121 2352 2355 2449 Ἰωσὴφ
2402 2358 2486 2428 Τί
2541 2360 2620 2430 τὸ

535 2631 565 2684 1
604 2630 815 2699 syllaba
848 2649 917 2684 τα
965 2631 1113 2685 uocis
1157 2635 1332 2684 ταῦτα
1382 2633 1438 2684 et
1476 2632 1752 2700 integrum
1803 2646 2011 2686 comma
2045 2632 2077 2686 7
2114 2632 2174 2686 in
2210 2647 2400 2687 rasum
2431 2649 2465 2688 a
2497 2650 2617 2688 001·-

392 2720 596 2774 reotore
634 2719 947 2786 peruetusto
980 2715 1029 2769 A
1044 2756 1059 2770 .
1096 2720 1226 2786 post
1254 2736 1321 2771 τα
1358 2716 1498 2773 illud
1532 2720 1650 2772 octo
1668 2758 1681 2782 ‚
1715 2719 1844 2786 post
1875 2738 1943 2771 xv
1980 2720 2128 2772 uocis
2163 2738 2354 2793 κυριος
2373 2719 2617 2787 duorum,

392 2806 517 2872 post
550 2822 723 2856 ταυτα
760 2803 795 2856 2
830 2803 1095 2872 quinque,
1129 2805 1255 2871 post
1290 2820 1397 2857 ποι
1432 2805 1581 2858 uocis
1615 2818 1850 2871 ποιησαι
1875 2807 1910 2861 2
1949 2804 2175 2858 duorum
2192 2844 2205 2868 ‚
2243 2807 2371 2873 post
2398 2825 2560 2860 τουτο
2583 2809 2623 2864 3

390 2890 671 2946 duodecim
704 2889 1091 2944 elementorum
1126 2888 1363 2944 radendo
1401 2889 1701 2946 deletorum
1749 2891 1985 2960 spatium
2018 2907 2249 2946 uacuum
2311 2893 2322 2959 Ι
2386 2892 2417 2945 1
2454 2909 2620 2947 ειπον

389 2976 438 3030 A
471 2977 594 3046 [sed
630 2975 965 3046 correctoris]
1004 2991 1067 3029 xz
1098 2975 1106 3044 Ι
1139 2977 1170 3030 1
1210 2976 1387 3045 kala]
1429 2979 1579 3047 λεγει
1613 2979 1698 3032 mt
1728 2978 1737 3046 Ι
1771 2979 1798 3032 1
1822 2997 1884 3039 κς
1906 2979 1978 3042 F,
2015 2999 2144 3052 υριο
2181 2989 2342 3046 super
2364 2993 2579 3034 uersum
2605 2980 2618 3051 Ι

394 3063 423 3116 1
461 3065 588 3132 post
620 3079 805 3136 κυριος
843 3062 909 3129 -Ι-
946 3081 1059 3131 μου
1098 3061 1148 3116 D
1176 3061 1292 3132 [en]
1325 3063 1333 3132 Ι
1364 3061 1400 3116 2
1436 3078 1642 3117 natam
1676 3063 1725 3118 A
1767 3063 2120 3133 [correctoris]
2147 3064 2244 3118 DF
2269 3063 2400 3134 [non
2423 3065 2473 3134 t]
2510 3072 2578 3118 1¹
2605 3064 2616 3136 Ι

390 3151 425 3206 3
466 3168 605 3203 κατα
643 3168 705 3201 το
743 3166 892 3222 ρημα
930 3155 1000 3206 >
1034 3165 1062 3200 z
1093 3148 1168 3213 13
1206 3167 1345 3202 κατα
1382 3157 1450 3207 >
1484 3148 1533 3202 A
1568 3150 1882 3206 correctoris
1920 3151 1930 3220 Ι
1976 3151 2012 3206 3
2043 3168 2154 3220 μεν
2187 3169 2251 3206 το
2285 3167 2317 3204 z
2345 3150 2357 3217 Ι
2387 3151 2422 3204 3
2455 3167 2619 3225 ευρα-

389 3253 497 3306 μεν
531 3234 610 3298 A,
648 3251 893 3307 ευρωμεν
925 3251 957 3288 z
986 3234 995 3300 Ι
1026 3235 1062 3287 4
1094 3249 1405 3306 μαρσιτοις
1438 3253 1467 3288 z
1498 3236 1507 3304 Ι
1536 3237 1573 3290 4
1609 3253 1769 3309 ημων
1809 3248 1880 3296 >
1913 3239 1967 3301 t,
1997 3254 2160 3307 υμων
2191 3253 2226 3290 a
2255 3239 2266 3304 Ι
2295 3238 2332 3291 4
2357 3238 2446 3304 σε]
2469 3257 2619 3306 υμας

390 3323 440 3377 D
484 3321 593 3390 [GR]
652 3323 661 3386 Ι
716 3321 753 3374 4
782 3338 969 3390 χαναν
1002 3321 1049 3376 1⁴¹
1101 3324 1112 3388 Ι
1166 3321 1199 3374 5
1238 3338 1357 3380 πως
1392 3322 1431 3375 δ
1464 3339 1537 3376 αν
1568 3339 1600 3376 z
1638 3324 1649 3388 Ι
1701 3324 1737 3378 5
1771 3327 2087 3394 εκλεψαμεν
2118 3321 2164 3376 F
2195 3323 2204 3392 Ι
2235 3324 2270 3378 6
2303 3323 2396 3394 αν]
2433 3341 2534 3377 εαν
2567 3324 2618 3377 D

395 3407 510 3477 [GR]
536 3408 615 3462 Fx
645 3408 654 3473 Ι
684 3408 721 3461 6
756 3413 957 3481 eves-⁹71
992 3407 1091 3461 AD
1131 3406 1249 3476 [aaz
1287 3410 1533 3477 superest
1566 3429 1600 3476 η
1637 3411 1764 3463 ante
1799 3409 1892 3478 το]
1933 3411 2070 3464 chz
2102 3411 2112 3474 Ι
2155 3411 2186 3462 7
2223 3426 2384 3480 ημεις
2415 3410 2614 3463 διεσω-

390 3499 607 3564 μεθατ
660 3495 671 3558 Ι
725 3493 757 3546 7
796 3493 861 3546 δε
898 3501 966 3551 >
1002 3493 1049 3546 F
1102 3493 1111 3562 Ι
1167 3496 1199 3547 ’7
1236 3513 1312 3562 τῳ
1348 3513 1519 3563 κυριω
1554 3513 1716 3564 nm
1751 3495 1952 3553 παιδες
1985 3511 2076 3548 cxz
2119 3495 2216 3563 [τω
2253 3494 2335 3561 xz]
2403 3495 2412 3560 Ι
2465 3495 2498 3547 7
2541 3493 2618 3548 fin

390 3597 549 3650 υμων
586 3595 655 3648 ay
686 3579 695 3646 Ι
726 3579 761 3632 8
800 3596 957 3633 ειπεν
990 3579 1273 3635 Amet-,11
1294 3584 1315 3615 ¹
1343 3579 1353 3650 Ι
1385 3579 1418 3633 8
1454 3582 1676 3650 hyeme
1711 3581 1739 3634 t
1767 3581 1777 3647 Ι
1807 3581 1842 3634 8
1875 3583 2003 3634 ante
2040 3597 2158 3653 παρ
2176 3579 2242 3646 -Ι-
2262 3599 2295 3633 ο
2319 3585 2619 3652 ανθρωπος

389 3665 679 3720 ADFamtz
710 3666 718 3734 Ι
748 3668 784 3721 8
823 3668 919 3733 αν]
955 3683 1055 3720 sav
1088 3668 1139 3721 D
1166 3667 1281 3737 [Gn]
1308 3684 1342 3720 x
1372 3666 1381 3735 Ι
1410 3666 1445 3720 9
1480 3667 1608 3735 post
1641 3668 1820 3721 κονδυ
1856 3667 1922 3735 -Ι-
1958 3687 2072 3738 μου
2106 3683 2140 3719 x
2169 3669 2180 3733 Ι
2227 3667 2262 3722 9
2295 3667 2422 3721 ante
2460 3680 2616 3720 εσται

390 3753 456 3820 -Ι-
494 3773 665 3813 amoc
700 3750 991 3807 ADFamtz
1044 3755 1055 3820 Ι
1102 3752 1137 3805 9
1174 3759 1411 3808 εσεσθαι
1446 3751 1574 3807 ADt
1603 3754 1612 3822 Ι
1657 3752 1726 3806 10
1761 3756 2025 3807 καθειλον
2059 3769 2158 3821 ayz
2178 3793 2191 3817 ,
2245 3755 2502 3818 καθηλαν
2535 3753 2566 3806 t
2601 3751 2612 3822 Ι

392 3840 457 3894 11
478 3849 547 3898 >
567 3841 649 3893 mt
678 3839 688 3905 Ι
720 3841 788 3894 11
824 3859 917 3892 και
954 3841 1183 3906 ηνοιξαν
1222 3854 1449 3898 exactos·
1480 3857 1579 3894 τον
1615 3854 1950 3914 μαρσιππον
1985 3859 2152 3893 αυτου
2176 3850 2245 3899 >
2269 3854 2302 3893 x
2329 3843 2342 3906 Ι
2374 3838 2441 3891 11
2459 3855 2614 3904 nvo«.-

392 3929 481 3987 ξεν
513 3925 613 3980 AD
640 3925 754 3994 [aa]
780 3941 839 3979 ez
870 3928 880 3991 Ι
915 3925 981 3979 12
1014 3944 1227 3996 ηραυνα
1262 3925 1439 3989 AFm,
1479 3944 1680 4001 ηρευνα
1717 3927 1768 3980 D
1807 3927 1926 3995 [aaz
1971 3928 2220 3996 superest
2252 3925 2371 3998 ηρε]
2405 3926 2562 3993 atxyz
2603 3925 2614 3994 Ι

392 4013 458 4066 13
498 4012 617 4082 sm]
655 4030 733 4070 εις
766 4029 797 4064 z
858 4012 869 4078 Ι
937 4013 1004 4068 13
1047 4011 1175 4066 ante
1210 4031 1303 4065 και
1341 4012 1407 4079 -Ι-
1450 4016 1778 4071 συντελεσας
1811 4029 1875 4078 x,
1925 4013 2054 4082 post
2099 4031 2192 4065 και
2230 4011 2296 4078 -Ι-
2336 4010 2480 4065 idem
2515 4027 2550 4064 a
2603 4010 2612 4079 Ι

389 4099 459 4153 13
496 4115 653 4173 ευρεν
686 4096 807 4152 AFt
828 4102 933 4150 ¹11
964 4101 975 4164 Ι
1007 4098 1166 4166 13s14
1202 4118 1279 4152 τω
1314 4105 1608 4171 ῥενιαμειν
1641 4097 1762 4163 AF,
1801 4101 1858 4153 et
1889 4102 1954 4155 ut
1985 4099 2201 4154 uidetm·
2223 4101 2320 4161 11,
2353 4115 2454 4150 τωι
2489 4103 2614 4165 βεν-

390 4203 553 4253 ιαμιν
588 4201 670 4247 m,
697 4191 991 4255 ·βενιαμιν
1028 4185 1227 4238 omisso
1262 4185 1491 4239 articulo
1526 4202 1583 4250 z,
1637 4205 1741 4238 του
1793 4193 2084 4254 βενιαμειν
2119 4201 2153 4237 x
2191 4199 2360 4246 nune,
2417 4183 2478 4236 in
2509 4199 2616 4253 quo

389 4290 455 4324 ου
490 4287 677 4325 recens
708 4274 717 4339 Ι
751 4269 817 4325 15
850 4291 951 4337 την
988 4289 1122 4325 ονον
1154 4290 1183 4325 z
1230 4272 1241 4338 Ι
1283 4265 1455 4338 ’15116
1490 4281 1846 4343 υπεστρεψαν
1877 4273 1928 4326 D
1965 4272 2086 4340 [aaz
2125 4271 2372 4338 superest
2405 4270 2532 4339 υπε]
2569 4287 2616 4335 z,

388 4367 746 4432 απεστρεψαν
780 4373 866 4412 em
904 4358 955 4428 [t
976 4357 1125 4428 =b]
1158 4358 1167 4427 Ι
1200 4358 1267 4412 16
1308 4359 1567 4424 εισηλθεν
1601 4356 1834 4414 AJN-¹1¹
1871 4360 1884 4425 Ι
1941 4360 2008 4414 17
2049 4375 2131 4412 en
2173 4365 2241 4415 >
2278 4373 2309 4410 z
2339 4358 2350 4422 Ι
2380 4357 2448 4411 17
2483 4374 2614 4412 επε-

389 4456 498 4496 σαν
530 4458 623 4498 εει.
664 4443 918 4498 Β...σον
958 4443 966 4511 Ι
1013 4443 1080 4498 18
1120 4461 1276 4500 ειπεν
1310 4443 1549 4500 mm
1595 4443 1720 4512 118
1751 4445 1880 4500 anto
1919 4457 2110 4516 ιυσηφ
2143 4443 2210 4511 -Ι-
2249 4461 2280 4496 ο
2315 4444 2398 4496 mt

3039 3561 3052 3568 l
