3169 4941
1216 436 1644 501 -23-

310 624 469 686 enim
500 621 1067 701 interpretationum
1113 623 1509 685 recentiorum
1562 623 1626 684 in
1679 623 1766 686 eis
1818 623 1968 705 ipsis
2020 623 2322 687 codicibus
2363 626 2537 688 inue-

309 723 570 794 niuntur,
634 739 782 801 quos
838 728 1089 800 propter
1150 721 1471 784 editionem
1527 742 1724 784 meam
1784 723 2042 802 primam
2101 733 2380 786 excutere
2433 734 2540 787 aut

308 821 489 882 debui
558 827 665 881 aut
723 819 971 880 debebo,
1073 821 1402 898 pendemus
1463 841 1651 894 nunc,
1722 820 1774 882 si
1838 821 2124 883 lectiones
2177 821 2540 903 hexaplares

310 919 585 980 uolumus
624 936 999 997 cognoscere,
1054 937 1128 978 ex
1176 937 1355 997 opere
1402 918 1874 992 Montefalconii,
1935 922 2094 998 quod
2139 939 2286 981 sane
2332 921 2539 1002 negle-

308 1015 738 1098 gentissimum.
827 1015 989 1076 uiam
1030 1015 1410 1078 muniuerunt
1466 1017 1745 1079 editionis
1801 1018 2060 1080 sixtinae
2112 1018 2401 1080 editores:
2465 1038 2540 1080 ex

308 1116 403 1177 his
438 1117 561 1176 fere
603 1122 767 1175 totus
808 1113 955 1192 (nisi
998 1114 1099 1176 ubi
1149 1115 1581 1198 Hieronymum
1627 1124 1689 1176 et
1734 1116 2180 1178 Theodoretum
2227 1116 2389 1198 typis
2428 1136 2538 1178 ex—

308 1214 565 1294 scriptos
630 1213 928 1293 excerpit)
992 1214 1219 1292 pendet
1266 1214 1565 1276 Iohannes
1616 1214 1892 1289 DrusiuS,
1959 1233 2250 1295 perquam
2301 1214 2539 1277 iniustis

308 1312 586 1374 laudibus
646 1313 723 1373 ob
780 1331 931 1391 opus
982 1331 1155 1372 suum
1210 1312 1561 1393 plerumque
1621 1312 1840 1375 elatus:
1903 1313 2191 1374 Drusium
2247 1313 2539 1394 expilauit

309 1420 371 1472 et
386 1410 639 1472 schedas
666 1409 1047 1471 aFrancisco
1076 1409 1455 1485 Combefisi0,
1497 1412 1760 1474 Ernesto
1797 1411 2048 1485 Grabio,
2097 1411 2233 1473 aliis
2269 1413 2528 1494 scriptas

305 1509 368 1571 in
422 1529 595 1570 usum
646 1527 819 1568 suum
876 1508 1151 1570 adhibuit
1205 1510 1724 1572 Montefalconius.
1820 1509 1963 1590 quid
2019 1510 2267 1572 ualeant
2321 1520 2533 1574 uetera

306 1607 446 1681 illa,
520 1607 617 1668 uel
676 1626 751 1667 ex
810 1606 1070 1668 editione
1138 1627 1274 1670 mea
1329 1608 1744 1689 quaestionum
1810 1607 2398 1689 hieronymianarum
2461 1610 2540 1674 ad

312 1704 569 1768 Genesis
612 1704 671 1778 2,
716 1704 755 1767 8
802 1705 899 1778 14,
949 1704 987 1768 8
1037 1704 1136 1780 19,
1175 1705 1255 1768 28
1302 1705 1403 1780 26,
1445 1706 1525 1769 12
1568 1714 1694 1768 cett
1736 1706 2072 1790 apparebit.

479 1801 603 1865 Sed
640 1812 709 1865 ut
744 1805 973 1878 redeat,
1018 1805 1175 1865 unde
1208 1813 1466 1885 euagata
1506 1811 1619 1877 est,
1665 1804 1889 1866 oratio:
1937 1804 2180 1866 tertiam
2217 1805 2538 1868 editionem

306 1923 401 1964 me
448 1902 646 1983 ipsum
687 1910 1032 1964 curaturum
1079 1921 1211 1964 esse
1267 1903 1369 1963 uix
1421 1904 1620 1976 credo,
1681 1923 1862 1984 quum
1921 1903 2066 1966 mihi
2117 1904 2366 1965 umbrae
2417 1904 2540 1966 iam

306 2000 604 2080 longiores
650 2002 873 2063 cadant
918 2010 980 2062 et
1018 2020 1092 2062 ne
1122 2001 1200 2061 ad
1239 2000 1449 2081 uiginti
1490 2001 1731 2083 quidem
1761 2021 2054 2064 annorum
2095 2001 2359 2082 spatium
2395 2022 2540 2083 pro-

308 2107 637 2160 tracturum
693 2118 788 2160 me
840 2098 1031 2160 uitam
1091 2117 1448 2177 persuasum
1506 2101 1784 2161 habeam.
1893 2098 2032 2160 huic
2089 2098 2270 2178 igitur
2324 2100 2540 2163 tertiae

308 2197 555 2260 editioni
594 2197 684 2259 ita
729 2197 1159 2260 consulendum
1193 2217 1428 2272 censen,
1476 2207 1546 2259 ut
1586 2207 1829 2278 patrum
1871 2197 2056 2259 libros
2098 2207 2310 2261 auctor
2351 2208 2413 2261 et
2459 2198 2541 2282 (si

312 2297 484 2358 modo
524 2294 768 2376 potero)
816 2296 1102 2376 magister
1146 2296 1259 2359 sim
1300 2296 1575 2358 sollerter
1631 2315 1664 2356 e
1711 2291 1978 2358 codicum
2035 2296 2151 2357 fide
2195 2297 2428 2371 edendi,
2472 2308 2542 2361 ut

310 2393 441 2475 ipse
468 2395 623 2456 edidi
648 2393 852 2455 Titum
875 2395 1245 2469 bostrenum,
1292 2393 1751 2456 constitutiones
1778 2394 2163 2476 apostolicaS,
2211 2394 2539 2458 Clementis

311 2491 601 2554 homilias,
666 2493 769 2573 qui
792 2502 998 2575 patres
1040 2515 1161 2557 non
1206 2502 1569 2575 possunt—
1594 2493 1656 2554 id
1697 2494 1855 2572 quod
1894 2492 2015 2553 iam
2053 2492 2294 2571 saepius
2338 2496 2540 2558 monui

308 2626 395 2635 —
432 2610 507 2652 ex
547 2592 695 2671 ipsis
740 2592 1036 2655 indicibus
1090 2594 1355 2655 locorum
1403 2590 1780 2664 biblicorum,
1839 2609 1987 2669 quos
2039 2588 2123 2650 eis
2183 2591 2539 2673 subiungere

306 2689 504 2751 solent
533 2691 791 2752 editores
811 2690 1145 2771 diligenteS,
1182 2690 1450 2765 iudicari,
1478 2691 1586 2751 sed
1611 2688 1829 2769 singuli
1847 2688 2165 2763 tractandi,
2193 2699 2255 2751 et
2284 2701 2537 2773 propter

306 2786 704 2850 differentiam
745 2790 1091 2863 maximam,
1138 2809 1293 2871 quae
1333 2790 1493 2852 inter
1532 2787 1798 2867 singulos
1844 2786 2028 2861 locOS,
2073 2787 2287 2866 quibus
2330 2799 2540 2853 auctor

305 2884 542 2947 biblicis
580 2887 787 2961 utitur,
818 2888 1153 2963 intercedit,
1197 2897 1259 2949 et
1289 2889 1445 2968 quod
1472 2906 1588 2948 non
1630 2886 1808 2966 pauci
1839 2892 2047 2965 patres
2075 2886 2353 2967 rescripti
2379 2898 2538 2963 sunt,

305 2991 375 3045 ut
408 2984 499 3045 ita
546 2984 763 3059 dicam,
823 2986 988 3047 uelut
1030 2985 1299 3067 Ignatius
1348 2994 1413 3045 et
1456 2984 1736 3046 Clemens
1791 3002 2072 3045 romanus
2127 2993 2240 3057 ter,
2285 2984 2390 3047 alii
2443 2986 2538 3047 bis

308 3091 415 3144 aut
455 3082 742 3163 plurienS.
782 3083 1089 3164 rescriptis
1135 3092 1337 3144 autem
1374 3101 1566 3163 nuper
1605 3084 1843 3145 demum
1885 3082 2066 3144 didici
2101 3082 2284 3144 etiam
2317 3082 2540 3145 Hiero-

305 3201 554 3263 nymum
612 3182 1057 3244 adcensendum
1103 3184 1279 3255 esse,
1307 3180 1409 3261 qui
1452 3182 1676 3242 malam
1721 3200 1964 3243 manum
2019 3180 2187 3242 scioli
2232 3180 2540 3245 cuiusdam

305 3278 528 3341 iudaici
573 3289 860 3360 expertus
904 3280 1161 3354 uidetur,
1222 3280 1489 3342 eiusdem
1551 3279 1650 3359 (ut
1698 3278 1872 3360 puto)
1932 3278 2033 3358 qui
2078 3279 2188 3341 sub
2248 3281 2537 3344 ementito

311 3376 705 3439 stridonensis
780 3378 1015 3440 nomine
1084 3378 1467 3459 quaestiones
1522 3378 1584 3439 in
1650 3376 1970 3439 malachim
2027 3385 2088 3438 et
2144 3378 2539 3441 dabreiamim

310 3484 633 3556 ceteraque
674 3496 794 3539 non
845 3477 1012 3539 nulla
1068 3476 1357 3539 ecclesiae
1414 3476 1688 3538 obtrusit.
1777 3495 1918 3538 nam
1977 3474 2040 3535 in
2088 3477 2538 3554 quaestionibus

307 3574 606 3635 hebraicis
654 3573 717 3634 in
760 3574 913 3637 libro
956 3576 1264 3639 Geneseos
1306 3575 1365 3649 5,
1408 3573 1446 3636 2
1495 3573 1773 3636 editionis
1817 3593 1988 3636 meae
2029 3573 2082 3634 si
2127 3574 2362 3636 codices
2404 3574 2540 3656 qui-

277 3674 449 3745 ‚dam
494 3692 527 3733 e
572 3672 831 3735 Genesis
870 3674 928 3749 2,
977 3674 1015 3738 8
1072 3673 1421 3735 mimizra
1465 3672 1770 3747 exhibent,
1833 3673 1938 3735 alii
1982 3675 2426 3749 meccedem,
2477 3674 2539 3736 id

304 3780 451 3852 puto
520 3789 1001 3854 unumquemque
1074 3772 1220 3833 mihi
1292 3790 1713 3833 concessurum
1782 3791 1914 3833 esse
1986 3771 2143 3831 hanc
2204 3772 2539 3853 scripturae

310 3869 708 3931 differentiam
755 3891 873 3933 non
915 3890 1094 3952 posse
1138 3890 1282 3932 casu
1325 3877 1519 3929 ortam
1574 3888 1706 3929 esse
1749 3889 1940 3950 neque
1982 3868 2284 3930 hominem
2323 3878 2542 3930 aucto-

306 3985 431 4028 rem
483 3986 807 4048 agnoscere
854 3970 1091 4051 linguae
1136 3966 1453 4030 hebraicae
1496 3966 1837 4047 inperitum.
1906 3967 2026 4029 iam
2079 3966 2299 4027 rationi
2350 3966 2537 4046 magis

309 4074 777 4127 consentaneum
821 4076 916 4127 est
939 4067 1257 4129 lectionem
1283 4072 1505 4155 Πῖἲρῖῷ
1548 4065 1628 4126 ab
1655 4066 1880 4126 usitato
1906 4065 1964 4127 in
1990 4064 2210 4125 nostris
2237 4063 2538 4125 codicibus

309 4172 507 4259 0222&
552 4168 617 4230 in
658 4167 907 4231 exilium
956 4169 1202 4231 missam
1248 4188 1427 4249 quam
1485 4175 1680 4257 D'lpn
1725 4167 1802 4228 ab
1857 4167 1962 4229 illo
2021 4173 2246 4231 ΠἾῚΒΒ
2298 4169 2540 4249 pulsum

310 4290 459 4333 esse.
544 4271 779 4333 accedit
834 4273 993 4353 quod
1045 4269 1547 4333 Montefalconius
1598 4270 1662 4331 in
1710 4270 1989 4350 hexaplis
2038 4272 2069 4332 I
2109 4270 2186 4333 17
2241 4279 2303 4332 et
2349 4268 2537 4331 Nice-

305 4369 533 4451 phorus
577 4368 641 4430 in
680 4378 898 4432 catena
938 4370 969 4430 I
1008 4368 1086 4432 67
1105 4378 1145 4467 ⁸}
1173 4368 1422 4431 Eusebii
1451 4367 1699 4431 emiseni
1723 4368 1874 4429 haec
1916 4368 2144 4431 habent
2190 4369 2222 4432 ὁ
2271 4368 2379 4451 μὲν
2429 4364 2536 4430 οὖν

304 4464 503 4550 Σύρος
550 4464 749 4534 οὕτως
804 4462 938 4551 ἔχει
986 4464 1405 4551 γεγραμμένον
1472 4464 2000 4549 ηκαὶέφύτευοεν
2055 4466 2087 4528 ὁ
2142 4466 2292 4534 θεὸς
2345 4464 2537 4547 παρά-
