3169 4941
1206 409 1638 471 ..17-

312 594 479 669 tatio,
517 593 1035 656 'adscendendum
1058 594 1157 655 sit.
1233 595 1389 656 adde
1432 597 1593 675 quod
1631 595 1928 660 nescimus
1974 595 2130 657 unde
2177 597 2417 659 aduecti
2455 600 2534 661 ad

312 702 549 754 nostras
578 711 714 753 oras
749 691 870 752 sint
906 691 1043 752 libri
1070 691 1333 754 unciales
1368 711 1524 753 nunc
1550 693 1922 773 superstites·
1985 714 2124 755 nam
2162 695 2220 755 D
2241 695 2541 777 Philippis

310 791 644 863 oriundum,
703 790 755 850 F
796 809 829 850 e
871 790 1231 851 Macedonia
1271 790 1600 872 Corcyram
1661 801 1724 852 et
1778 791 1918 854 inde
1962 793 2372 855 Mediolanum
2428 797 2541 857 ad-

308 890 518 962 latum,
570 888 631 950 A
678 887 1097 969 aegyptiacum
1153 891 1410 950 fortasse
1466 907 1599 950 esse
1657 889 1898 964 scimus,
1955 889 2001 952 S
2046 890 2108 952 in
2149 889 2286 970 ipso
2339 902 2541 955 monte

310 985 483 1048 Sinai
524 1005 565 1047 a
606 986 867 1047 barbaro
910 985 1151 1048 homine
1180 986 1547 1066 descriptum
1588 988 1714 1049 ueri
1757 987 1952 1050 simile
1988 989 2256 1050 uidetur:
2305 999 2538 1053 ceteros

309 1087 464 1147 unde
505 1084 869 1146 corraserint
912 1085 1275 1158 uenditoreS‚
1323 1084 1561 1147 omnino
1599 1105 1709 1147 nos
1747 1085 1916 1166 fugit,
1964 1104 2146 1166 quum
2184 1085 2398 1149 talium
2431 1090 2541 1150 de·-

310 1183 581 1245 liciarum
641 1181 984 1246 inuentores
1048 1182 1376 1246 consultius
1434 1203 1567 1244 esse
1627 1192 1916 1246 censeant
1970 1185 2044 1246 de
2096 1184 2262 1258 lociS‚
2326 1186 2540 1266 quibus

304 1281 443 1343 illas
490 1281 889 1361 reppererint,
935 1281 1129 1342 silere.
1219 1299 1501 1361 magnum
1558 1300 1706 1342 sane
1765 1291 1898 1344 erat
1936 1283 2014 1344 ad
2059 1281 2541 1345 aestimationem

306 1379 579 1443 codicum
626 1387 1013 1453 momentum,
1068 1379 1119 1439 si
1165 1398 1198 1440 e
1241 1378 1494 1440 diuersis
1538 1379 1876 1459 regionibus
1900 1380 2077 1460 petiti
2121 1380 2305 1442 nihilo
2347 1381 2542 1443 minus

306 1479 753 1542 consentirent:
823 1478 915 1539 sin
983 1497 1059 1540 ex
1114 1476 1327 1538 insulis
1379 1476 1766 1557 Propontidis
1827 1479 1986 1540 furto
2052 1479 2242 1541 ablati
2301 1479 2396 1541 uel
2466 1499 2543 1542 ex

308 1576 531 1638 Athois
578 1575 959 1637 monasteriis
1014 1574 1231 1638 coemti
1273 1585 1623 1655 congruunt,
1669 1576 1810 1655 quid
1852 1576 2014 1638 istud
2049 1579 2128 1639 ad
2169 1577 2318 1638 nos?
2359 1596 2542 1658 quum

305 1694 448 1736 usus
514 1693 711 1735 rerum
763 1671 991 1736 'doceat
1054 1673 1266 1735 iisdem
1322 1673 1383 1734 in
1437 1673 1582 1735 locis
1641 1676 1892 1736 eandem
1945 1674 2230 1737 orationis
2283 1675 2540 1738 biblicae

306 1773 562 1834 formam
614 1771 955 1834 hominibus
1028 1772 1485 1851 superstitiosae
1561 1772 1660 1834 uel
1723 1773 2096 1835 adulatoriae
2161 1772 2540 1854 antiquitatis

303 1871 510 1951 inepte
556 1869 869 1933 tenacibus
917 1870 1237 1951 placuisse.
1572 1889 1580 1898 ·

476 1968 664 2049 quid?
702 1972 860 2049 quod
902 1989 1083 2050 quum
1126 1976 1363 2029 constet
1386 1969 1850 2031 Constantinum
1875 1969 2321 2049 imperatorem,
2372 1969 2540 2031 cuius

306 2067 442 2129 uide
470 2067 660 2128 uitam
690 2067 1078 2128 eusebianam
1107 2065 1137 2125 ὃ
1164 2065 1244 2129 36
1269 2065 1369 2140 37,
1406 2067 1670 2129 Eusebio
1703 2067 2081 2128 caesareensi
2122 2070 2442 2130 mandasse
2474 2077 2542 2130 ut

311 2167 396 2230 ὡς
444 2164 561 2247 τάχ
568 2186 701 2226 ιστα
751 2164 1183 2246 quinquaginta
1221 2164 1541 2226 bibliorum
1593 2165 1876 2244 exempla
1933 2174 2190 2240 curaret,
2250 2185 2404 2246 quae
2449 2166 2538 2227 ni·

311 2261 522 2324 mirum
582 2265 689 2324 τοῦ
741 2261 1041 2324 αὖθέντου
1097 2264 1256 2324 dona
1318 2262 1586 2325 ecclesiis
1638 2263 1962 2325 distributa
2022 2261 2348 2323 αὐθεντικὰ
2408 2282 2540 2324 esse

313 2361 793 2441 perhiberentur,
853 2379 1145 2443 perquam
1203 2361 1487 2422 credibile
1566 2361 1804 2422 uidetur
1861 2360 2287 2441 imperatoriae
2355 2379 2539 2422 aurae

312 2469 635 2522 sectatores
678 2496 765 2508 --
802 2469 865 2523 et
896 2459 1056 2521 omni
1086 2467 1355 2540 tempore
1381 2459 1478 2521 uel
1505 2458 1845 2540 principum
1877 2459 1975 2521 uel
2009 2457 2204 2540 plebis
2239 2458 2541 2538 mancipia

306 2577 586 2620 numerus
632 2568 775 2621 sunt
802 2594 889 2605 -—
929 2557 1080 2619 haec
1122 2557 1261 2637 ipsa
1305 2577 1545 2619 curasse
1587 2557 2008 2620 describenda:
2060 2556 2232 2618 cuius
2280 2557 2368 2618 rei
2407 2577 2540 2619 me-

306 2657 496 2718 moria
536 2658 601 2719 in
641 2658 945 2720 codicibus
990 2674 1107 2717 non
1154 2654 1391 2718 omnino
1439 2656 1650 2737 paucis
1688 2656 1928 2718 resedit.
2003 2656 2218 2717 horum
2258 2654 2446 2736 igitur
2489 2656 2541 2718 si

307 2774 662 2817 consensum
698 2774 1084 2836 sequeremur
1141 2754 1236 2833 (et
1273 2755 1337 2817 in
1385 2774 1541 2816 nouo
1597 2763 1962 2816 testamento
2008 2772 2165 2815 nunc
2205 2753 2537 2838 secuntur),

305 2873 369 2914 re
417 2873 566 2915 uera
610 2872 793 2916 unum
849 2851 1115 2913 codicem
1168 2852 1529 2915 haberemus
1593 2874 1750 2927 eum,
1815 2872 1993 2932 quem
2036 2851 2286 2914 Eusebii
2339 2853 2539 2934 aliquo

304 2951 555 3013 diacono
596 2951 863 3013 dictante
909 2949 1343 3031 quinquaginta
1366 2951 1598 3013 librarii
1643 2951 1876 3013 calamo
1921 2960 2306 3031 exceperunt,
2345 2970 2538 3032 neque

304 3048 356 3111 si
401 3049 560 3112 hunc
597 3068 707 3130 pro
752 3048 974 3109 ueteris
1022 3048 1311 3110 ecclesiae
1356 3049 1634 3129 exemplo
1673 3049 1751 3110 ab
1787 3050 2062 3111 omnibus
2102 3035 2346 3130 recepto
2387 3070 2541 3112 uen-

303 3150 602 3222 deremuS‚
648 3146 1065 3228 prudentiores
1122 3164 1389 3207 essemus
1447 3147 1542 3221 iis,
1602 3147 1703 3227 qui
1727 3147 1883 3209 libri
1927 3147 2179 3210 alicuius
2223 3148 2386 3229 typis
2429 3168 2540 3210 ex-

304 3246 516 3329 scripti
542 3244 983 3326 praestantiam
1006 3243 1233 3305 uellent
1260 3264 1334 3306 ea
1362 3265 1427 3307 re
1456 3247 1896 3319 commendare,
1945 3247 2103 3324 quod
2143 3255 2236 3308 tot
2261 3246 2544 3327 exempla

306 3346 384 3406 ad
442 3342 727 3405 amussim
788 3351 1196 3421 congruerent.
1281 3353 1343 3405 et
1392 3354 1534 3425 post
1587 3343 2051 3405 Constantinum
2104 3343 2384 3406 inuentus
2447 3354 2544 3406 est

304 3440 679 3505 Theodosius
722 3441 897 3514 alter,
942 3442 1050 3501 τοῦ
1094 3440 1515 3523 καλλιγροίφου
1560 3441 1908 3523 cognomine
1951 3440 2152 3502 nescio
2196 3451 2394 3503 utrum
2439 3461 2541 3503 or-

304 3549 483 3602 natus
530 3539 725 3601 dicam
768 3558 848 3600 an
889 3537 1340 3614 dehonestatuS,
1399 3542 1501 3621 qui
1553 3560 1737 3621 quum
1781 3539 2035 3620 prouida
2079 3539 2272 3619 patris
2327 3558 2539 3601 aman—

303 3637 524 3701 tissimi
553 3647 614 3699 et
651 3636 1083 3718 sapientissimi
1124 3656 1268 3700 cura
1298 3638 1455 3699 inter
1494 3640 1796 3718 spadones
1830 3639 2118 3699 educatus
2165 3646 2345 3711 esset,
2378 3638 2539 3699 Ger-

306 3735 501 3799 manis
562 3735 816 3815 aliisque
868 3735 1143 3797 hostibus
1200 3755 1321 3797 non
1366 3736 1516 3797 fines
1572 3734 1810 3816 imperii
1862 3743 2120 3809 tantum,
2179 3735 2288 3795 sed
2340 3735 2540 3816 ipsum

302 3833 624 3914 imperium
650 3833 1096 3907 infestantibus,
1141 3834 1362 3908 bibliis,
1408 3843 1477 3896 ut
1507 3854 1728 3915 magna
1763 3852 1898 3895 cum
1941 3833 2119 3894 laude
2157 3831 2537 3911 Nicephorus

308 3931 549 3994 Callisti
582 3932 785 4006 refert,
826 3931 1071 4013 propria
1100 3950 1281 3993 manu
1310 3932 1718 3994 describendis
1747 3951 1996 4013 operam
2019 3932 2248 3993 dabat:
2292 3930 2536 4010 dignum

306 4049 451 4091 sane
496 4030 861 4109 imperatore
902 4029 1225 4110 negotium,
1289 4048 1405 4109 quo
1453 4031 1728 4092 obeundo
1781 4030 1909 4092 sine
1966 4028 2146 4091 dubio
2195 4027 2407 4101 effecit,
2471 4037 2540 4089 ut

307 4147 461 4209 quae
504 4146 617 4209 per
650 4127 836 4189 XLII
866 4146 1055 4189 annos
1102 4116 1583 4189 commendasset
1623 4126 1689 4209 (ὁ
1745 4127 1915 4193 θεῖος
1962 4125 2145 4206 λόγος
2183 4126 2289 4187 uix
2327 4125 2534 4189 dubito

307 4227 450 4307 quin
498 4226 661 4288 idem
708 4225 763 4287 ei
808 4244 1047 4306 semper
1089 4225 1301 4308 fuerit)
1358 4224 1522 4289 haud
1562 4225 1773 4305 paucis
1825 4243 1946 4286 non
2001 4223 2348 4286 adulatione
2390 4234 2533 4287 tan-

306 4334 436 4388 tum
490 4332 859 4405 quaestuosa
908 4323 1089 4403 digna
1146 4325 1491 4387 uiderentur
1504 4368 1521 4398 ‚
1582 4324 1691 4385 sed
1749 4322 1951 4385 seruili
2003 4322 2186 4385 etiam
2227 4325 2533 4407 opsequio.

308 4424 579 4504 sequitur
636 4418 1234 4501 circumspiciendum
1292 4430 1467 4485 caute
1521 4440 1674 4497 esse,
1733 4441 1807 4484 ne
1851 4422 1990 4484 dum
2033 4440 2389 4486 consensum
2431 4443 2534 4487 ec-

2188 4538 2228 4603 2
