3169 4941
2510 453 2580 513 21

288 628 320 682 1
532 620 614 682 Et
644 619 907 684 aseendit
930 620 1166 684 Abram
1195 641 1274 684 ex
1301 618 1575 704 Aeyypto
1608 623 1735 703 ipse
1762 625 1821 683 et
1854 640 2016 683 umor
2043 623 2177 683 eius
2190 666 2208 695 ‚
2263 622 2321 701 et
2350 618 2581 695 omnia,

357 742 508 805 quae
541 724 720 786 illius
745 729 932 800 erant,
969 728 1026 787 et
1049 724 1169 787 Lot
1212 746 1346 787 oum
1375 746 1440 787 eo
1471 727 1535 786 in
1561 723 1877 787 desertum.
1958 726 2088 785 erat
2116 726 2316 785 autem
2345 722 2581 786 Abram

358 825 530 889 diues
559 826 738 889 ualde
760 848 972 910 pecore
1002 832 1058 891 et
1080 833 1324 910 arqento
1347 832 1404 890 et
1423 848 1573 890 auro
1604 832 1660 890 et
1690 829 1854 904 abiit,
1886 826 2041 889 unde
2069 828 2251 901 uenit,
2296 829 2360 887 in
2388 825 2583 889 deser-

357 934 488 994 tum
516 951 702 1013 usque
717 932 951 994 Bethel.
1006 929 1265 1014 pulchre
1296 930 1372 995 de
1383 929 1677 1015 Aegypto
1704 929 2007 995 liberatus
2040 926 2393 993 ascendisse
2426 927 2583 992 dioi-

290 1042 326 1095 5
359 1036 480 1099 tur.
566 1031 675 1099 sed
699 1034 974 1103 occurrit
1001 1034 1149 1098 huie
1180 1034 1392 1099 sensui
1434 1033 1625 1112 illud,
1669 1030 1835 1116 quod
1878 1032 2193 1116 sequiturz
2243 1050 2363 1116 quo
2394 1028 2581 1097 modo

360 1136 638 1220 potuerit
682 1138 891 1202 exiens
933 1137 1009 1203 de
1049 1136 1342 1222 Aegypto
1386 1136 1580 1202 fuisse
1626 1136 1801 1202 diues
1844 1135 2077 1201 ualde?
2176 1135 2341 1219 quod
2387 1134 2595 1200 solui--

360 1242 467 1305 tur
522 1240 638 1305 illa
692 1241 990 1306 hebraica
1042 1243 1314 1307 ueritate
1332 1290 1348 1319 ‚
1415 1240 1482 1305 in
1545 1260 1671 1324 qua
1729 1240 2023 1305 scribitur
2081 1238 2314 1304 Abram
2367 1243 2586 1323 yraais

359 1348 762 1423 uehementer,
820 1346 943 1409 1100
998 1347 1096 1411 est
1139 1342 1340 1428 βαρὺς
1391 1340 1681 1431 σφόδραε
1744 1343 2024 1429 Aegypti
2084 1344 2253 1409 enim
2310 1343 2583 1427 pondere

363 1449 766 1533 grauabatur.
871 1450 936 1514 et
991 1449 1144 1514 lieet
1201 1449 1536 1515 uideantur
1600 1467 1735 1513 esse
1792 1448 2048 1513 diuitiae
2102 1446 2343 1531 peeoris
2360 1497 2376 1526 ‚
2428 1446 2583 1525 auri,

258 1564 329 1619 10
365 1554 431 1618 et
473 1553 718 1638 argenti
734 1602 750 1631 ‚
824 1553 1068 1630 tamen,
1129 1552 1184 1617 si
1239 1552 1568 1637 aegyptiae
1628 1553 1778 1617 sunt
1798 1601 1814 1630 ‚
1887 1552 2024 1616 uiro
2081 1552 2299 1619 sancto
2358 1570 2584 1635 graues

364 1658 530 1721 sunt.
623 1657 886 1738 denique
929 1675 1057 1721 non
1103 1656 1201 1740 (ut
1241 1658 1311 1721 in
1347 1657 1518 1723 LXX
1550 1656 1861 1740 legimus)
1910 1660 2091 1733 abiit,
2133 1657 2287 1719 unde
2322 1660 2587 1735 uenerat,

364 1764 430 1825 in
473 1762 770 1825 desertum
817 1783 1002 1845 usque
1045 1764 1262 1825 Bethel
1277 1810 1292 1838 ‚
1352 1759 1463 1825 sed
1509 1760 1674 1825 sicut
1712 1760 1782 1824 in
1824 1759 2096 1825 hebraeo
2142 1758 2447 1841 scriptum
2492 1760 2589 1824 est

366 1868 516 1930 abiit
555 1870 620 1928 in
663 1870 883 1943 itinere,
915 1886 1024 1930 suo
1056 1888 1176 1949 per
1215 1871 1491 1929 austrum
1533 1887 1721 1949 usque
1742 1866 1975 1928 Bethel.
2036 1863 2269 1928 idcireo
2300 1864 2469 1927 enim
2510 1862 2586 1928 de

365 1967 658 2054 Aegypto
704 1968 1022 2053 profectus
1072 1969 1201 2045 est,
1249 1970 1322 2034 ut
1365 1988 1490 2033 non
1537 1968 1854 2033 desertum
1897 1967 2361 2051 ingrederetur,
2424 1965 2589 2049 quod

261 2085 332 2141 15
367 2091 513 2137 011111
553 2071 847 2156 Aegypto
892 2071 1264 2153 reliquerat,
1331 2072 1445 2135 sed
1501 2073 1576 2137 ut
1631 2090 1743 2154 per
1786 2074 2104 2148 austrum,
2161 2071 2269 2153 qui
2312 2068 2591 2154 aquiloni

368 2177 717 2241 contrarius
777 2177 904 2255 est,
962 2176 1212 2241 ueniret
1273 2174 1353 2241 ad
1413 2176 1670 2241 domum
1715 2174 1847 2253 dei,
1906 2178 2016 2240 ubi
2056 2175 2275 2256 fuerat
2322 2176 2588 2239 taberna·

365 2283 572 2345 culum
615 2284 747 2343 eius
784 2284 850 2345 in
886 2281 1079 2344 medio
1103 2281 1338 2343 -Bethel
1377 2284 1434 2343 et
1478 2279 1582 2343 Αἰ.

543 2386 625 2449 Et
670 2389 802 2449 uiri
847 2384 1242 2450 Sodomorum
1293 2386 1450 2448 mali
1502 2388 1558 2447 et
1604 2388 1946 2468 peccatores
2003 2386 2069 2445 in
2130 2385 2437 2465 conspeetu
2494 2380 2597 2444 dei

367 2492 757 2555 uehementer.
899 2489 1207 2572 superflue
1263 2489 1370 2553 hio
1435 2489 1504 2552 in
1560 2484 1733 2552 LXX
1790 2487 2235 2572 interpretibus
2304 2485 2591 2551 additum

259 2611 334 2665 20
370 2595 468 2658 est
523 2598 586 2658 in
651 2599 958 2678 oon-speetu
1004 2594 1134 2657 dei:
1191 2591 1501 2674 siquidem
1545 2591 1959 2657 Sodomorum
2002 2590 2207 2654 coloni
2253 2588 2418 2672 apud
2472 2589 2590 2653 ho-

369 2698 570 2763 mines
611 2697 767 2762 mali
812 2698 876 2762 et
930 2698 1291 2780 peccatores
1337 2697 1518 2760 erant
1536 2745 1552 2774 ‚
1607 2695 1718 2760 ille
1776 2697 1990 2760 autem
2044 2694 2272 2759 dieitur
2326 2693 2394 2756 in
2442 2711 2590 2757 0011-

372 2802 592 2886 spectu
633 2799 733 2865 dei
786 2802 1110 2883 peccator,
1171 2800 1278 2883 qui
1321 2800 1532 2883 potest
1577 2799 1744 2882 apud
1789 2798 2075 2864 homines
2120 2797 2325 2862 iustus
2370 2794 2590 2875 uideri,

374 2924 496 2989 quo
539 2905 728 2970 modo
773 2905 850 2970 de
917 2904 1222 2970 Zacharia
1287 2905 1353 2968 et
1411 2902 1738 2968 Elisabeth
1811 2903 1879 2966 in
1951 2899 2281 2984 praeconio
2339 2899 2594 2983 ponitur

375 3009 540 3092 quod
579 3008 816 3074 fuerint
865 3013 1018 3072 iusti
1053 3011 1224 3073 ambo
1266 3011 1330 3070 in
1374 3013 1679 3092 conspeetu
1726 3008 1854 3085 dei,
1914 3007 1979 3070 et
2027 3005 2093 3069 in
2148 3003 2449 3088 psalterio
2497 3000 2592 3067 di-

266 3133 338 3189 25
375 3113 536 3178 citur
580 3135 694 3177 non
736 3113 1164 3209 iustificabitur
1201 3116 1266 3176 in
1311 3117 1615 3196 conspeetu
1660 3117 1762 3175 tuo
1808 3115 1998 3175 omnis
2042 3115 2272 3174 uineas,

547 3217 722 3281 Leua
775 3219 978 3281 oeulos
1035 3221 1168 3280 tuos·
1216 3221 1271 3278 et
1329 3217 1470 3279 uide
1533 3238 1570 3279 a
1632 3217 1783 3293 looo,
1855 3219 1919 3277 in
1976 3237 2090 3298 quo
2146 3235 2301 3276 nuno
2367 3234 2458 3289 ee,
2518 3212 2597 3274 ad

374 3323 710 3406 aquilonem
762 3325 820 3384 et
874 3322 954 3384 ad
1007 3327 1282 3384 austrum
1345 3325 1403 3383 et
1457 3319 1538 3384 ad
1596 3324 1880 3383 orientem
1941 3323 1997 3381 et
2058 3319 2137 3381 ad
2193 3339 2391 3380 mare.-
2456 3319 2599 3398 quia

375 3447 604 3490 omnem
647 3430 894 3502 terram,
937 3445 1116 3507 quam
1162 3429 1232 3487 tu
1285 3424 1483 3500 uideS,
1539 3426 1667 3486 tibi
1704 3424 1852 3486 dabo
1908 3443 2039 3484 eam
2100 3426 2155 3484 et
2211 3423 2431 3482 semini
2481 3423 2598 3481 tuo.

379 3530 644 3612 quatuor
707 3527 962 3592 elimata
1027 3525 1246 3591 mundi
1329 3526 1570 3608 posuit,
1679 3525 1984 3590 orientem
2066 3525 2131 3588 et
2192 3520 2597 3598 occidentem,

270 3641 342 3694 30
377 3630 867 3715 septentrionem
941 3633 1007 3694 et
1083 3629 1515 3695 meridianum.
1648 3628 1815 3710 quod
1889 3627 2099 3691 autem
2172 3625 2237 3689 in
2312 3623 2599 3689 omnibus

377 3734 702 3819 scripturis
757 3734 992 3818 legitur
1009 3783 1024 3810 ‚
1092 3734 1196 3798 hic
1256 3734 1450 3798 semel
1504 3732 1732 3797 dixisse
1790 3730 2063 3796 sufficiat
2115 3749 2289 3794 mare
2354 3747 2601 3809 semper

519 3900 548 3953 1
586 3900 697 3950 Gen
737 3898 820 3964 13,
859 3897 1018 3952 1—-3
1056 3899 1066 3963 Ι
1111 3897 1141 3951 7
1181 3898 1290 3947 Gen
1329 3897 1412 3959 13,
1450 3897 1484 3951 2
1538 3898 1548 3961 Ι
1599 3896 1665 3949 16
1705 3897 1815 3946 Gen
1852 3894 1935 3958 13,
1973 3895 2006 3948 3
2050 3892 2059 3960 Ι
2105 3893 2173 3948 18
2211 3895 2321 3944 Gen
2357 3891 2440 3954 13,
2478 3890 2545 3945 13
2586 3887 2594 3958 Ι

377 3985 448 4040 24
479 3986 590 4037 Luc
630 3987 676 4048 1,
717 3985 750 4039 6
779 3986 790 4051 Ι
821 3985 890 4038 25
924 3983 1098 4035 Psalm
1134 3982 1250 4044 143,
1289 3985 1323 4036 2
1355 3983 1363 4048 Ι
1395 3983 1466 4036 26
1505 3983 1616 4033 Gen
1655 3982 1737 4044 13,
1778 3982 1849 4035 14
1887 3981 1952 4035 15

521 4132 548 4185 1
585 4133 620 4185 2
657 4133 687 4184 7
735 4131 978 4182 abraham
1023 4137 1144 4200 βγφ
1197 4129 1206 4196 Ι
1267 4130 1300 4183 8
1347 4129 1726 4195 Βαρνοοοοᾶρα
1762 4129 2121 4196 frisingensis,
2187 4141 2344 4175 nano
2368 4151 2380 4163 ·
2401 4141 2601 4181 eooAra

381 4221 730 4280 berolinensis,
777 4233 932 4267 nanc
949 4225 1177 4267 ·E⁴boal’a
1211 4218 1544 4278 scaphueanm
1574 4214 1582 4282 Ι
1618 4214 1682 4267 17
1722 4214 1775 4263 ai
1809 4219 1896 4282 βγ,
1938 4213 2026 4276 gai
2060 4230 2105 4282 φ
2137 4209 2145 4278 Ι
2175 4210 2331 4277 2Ο]21
2369 4211 2602 4261 homines

380 4310 470 4373 βγ,
516 4306 624 4354 offis
661 4323 706 4374 φ
737 4302 747 4369 Ι
776 4303 848 4357 23
885 4307 938 4353 et
972 4303 1033 4353 de
1068 4301 1354 4354 helisabeth
1395 4319 1440 4371 φ
1483 4299 1492 4370 Ι
1537 4300 1607 4356 26
1640 4315 1771 4350 1111110
1812 4315 1867 4349 es
1905 4316 1958 4367 γ,
2006 4303 2067 4349 tu
2100 4313 2231 4348 nunc
2268 4313 2321 4348 es
2356 4303 2393 4364 β
2408 4337 2421 4359 ,
2469 4312 2603 4348 1111110

381 4394 442 4440 tu
475 4404 530 4440 es
566 4407 613 4460 φ
