3169 4941
553 438 656 497 104
1492 432 1719 489 Genesis
1754 432 1843 488 27.

549 626 670 668 καν
728 598 843 687 τὴν
900 594 1144 686 μητέρα
1217 585 1412 661 αὗτοῢ
1454 590 1683 662 ’Ἐστιν
1727 589 1937 659 Ἠσαῦ
1992 587 2029 659 6
2084 585 2368 680 ἀδελφός
2439 614 2563 675 μου
2612 585 2772 679 ἀνὴρ
2808 613 2833 660 1

550 702 774 786 δασύς,
835 699 960 787 εγω
1002 698 1075 767 66
1119 691 1273 788 άνὴρ
1329 700 1520 777 λεῖος.
1611 701 1733 781 12μ
1683 691 1938 785 μήποτε
1998 688 2359 785 ψηλαφήσῃ
2412 718 2494 778 με
2554 690 2590 761 6
2639 717 2774 759 πα·-

549 802 667 896 τήρ
680 858 698 887 ,
753 803 867 872 καὶ
909 800 1144 887 ἔσομαι
1187 797 1476 869 ἐναντίον
1515 797 1708 868 αὐτοῦ
1753 797 1841 879 ὥς
1882 803 2335 888 καταφρονῶν,
2395 796 2508 864 καὶ
2548 792 2773 877 ἐπάξω

550 908 658 975 ἐπ’
718 905 991 993 ἐμαυτὸν
1043 900 1323 993 κατάραν
1375 904 1487 972 καὶ
1543 897 1659 971 οὐκ
1714 896 2021 989 εὖλογίαν.
2119 896 2343 969 maim
2401 899 2475 968 δὲ
2518 892 2690 988 αὐτῷ
2732 897 2773 988 ἡ

548 1006 754 1101 μήτηρ
795 1003 939 1077 ”Επ
982 1008 1098 1095 ἐμὲ
1140 1005 1180 1099 ἥ
1219 1007 1468 1097 κατάρα
1513 1030 1663 1091 σου,
1706 1005 1951 1074 τέκνον·
1994 1001 2194 1097 μόνον
2234 998 2607 1072 ἑπάκουσόν
2647 1027 2773 1088 μου
2807 1030 2838 1077 5

547 1121 667 1205 τῆς
704 1119 944 1243 φωνῆς,
991 1114 1106 1182 καὶ
1148 1110 1502 1241 πορευθεὶς
1540 1107 1763 1197 ἔνεγκέ
1805 1136 1941 1195 μοι.
2019 1114 2080 1152 ¹⁴
2094 1108 2450 1197 πορευθεὶς
2478 1106 2550 1177 66
2580 1104 2774 1193 ελαβε

551 1247 664 1289 και
705 1216 929 1311 η’νεγκε
969 1222 1051 1307 τῇ
1088 1213 1309 1305 μητρί·
1364 1216 1479 1283 καὶ
1523 1212 1832 1305 ἐποίησεν
1879 1211 1919 1303 ἡ
1960 1213 2165 1303 μήτηρ
2208 1204 2403 1280 αὗτοῢ
2448 1211 2773 1297 εδέσματα

551 1324 736 1392 καθὰ
794 1320 1008 1414 ἐφίλει
1053 1317 1090 1390 6
1135 1320 1354 1409 πατὴρ
1412 1312 1624 1387 αὐτοῦ.
1720 1323 1780 1361 1⁵
1800 1318 1913 1385 καὶ
1968 1320 2257 1404 λαβοῦσα
2299 1313 2603 1401 Ῥεβέκκα
2658 1312 2772 1403 τὴν

552 1426 783 1517 στολὴν
821 1419 1022 1496 Ἠσαῦ
1063 1430 1178 1492 τοῦ
1220 1420 1363 1491 υιοῦ
1404 1419 1599 1513 αὗτῆς
1642 1427 1758 1490 τοῦ
1803 1420 2244 1511 πρεσβυτέρου
2286 1420 2399 1510 τὴν
2441 1414 2637 1508 καλήν
2652 1470 2669 1502 ‚
2734 1412 2775 1507 ἢ

551 1525 626 1621 ἦν
665 1532 824 1619 παρ’
867 1522 1027 1619 αὐτῇ
1077 1528 1145 1595 ἐν
1185 1532 1281 1616 τῷ
1341 1522 1500 1615 οἴκῳ
1515 1579 1533 1611 ,
1606 1525 1896 1594 ἐνέδυσεν
1948 1522 2140 1614 αὐτὴν
2179 1516 2407 1609 Ἰακὼβ
2464 1520 2575 1591 τὸν
2633 1518 2773 1591 υιόν

552 1632 746 1724 αὐτῆς
786 1632 901 1703 τὸν
945 1632 1260 1720 νεώτερον.
1360 1634 1421 1675 1⁶
1435 1630 1549 1699 καὶ
1608 1632 1692 1697 τὰ
1736 1628 2023 1719 δέρματα
2078 1636 2205 1695 τῶν
2261 1624 2501 1716 ερίφων
2544 1625 2773 1713 περιέ-

551 1744 759 1828 θηκεν
799 1735 920 1805 ἐπὶ
959 1736 1107 1816 τοὺς
1147 1733 1495 1823 βραχίονας
1536 1732 1733 1802 αὐτοῦ
1778 1734 1891 1802 καὶ
1937 1732 2057 1801 ἐπὶ
2097 1734 2181 1800 τὰ
2228 1730 2427 1859 γυμνὰ
2472 1755 2586 1798 του
2629 1755 2774 1817 τρα-

949 1846 982 1862 Ν

548 1841 744 1930 χήλου
788 1840 999 1909 αὐτου.
1065 1840 1255 1907 17καὶ
1294 1837 1496 1907 ε’ὃωκε
1541 1838 1626 1904 τὰ
1662 1836 1987 1923 ἐδέσματα
2030 1836 2145 1904 καὶ
2186 1836 2334 1915 τοὺς
2377 1832 2631 1923 άρτους,
2668 1858 2779 1912 ους

553 1942 886 2034 εποίησεν,
931 1941 1026 2023 εἰς
1066 1943 1186 2022 τὰς
1221 1967 1440 2030 χειρας
1475 1940 1710 2027 Ἰακώβ
1750 1946 1865 2009 τοῦ
1915 1939 2057 2008 vio&
2100 1932 2310 2029 αὐτῆς
2378 1936 2560 2004 18καὶ
2600 1933 2777 2024 εἰσή-

551 2071 730 2134 νεγκε
791 2051 884 2135 τῷ
942 2046 1149 2135 πατρὶ
1195 2038 1407 2113 αὐτοῦ.
1499 2037 1651 2111 εἶπε
1715 2044 1789 2112 66
1845 2038 2090 2131 Πάτερ.
2168 2039 2204 2112 6
2260 2042 2333 2110 δὲ
2384 2033 2569 2107 εἶπεν
2619 2038 2778 2107 Ἰδοὺ

553 2147 709 2236 ἐγώ·
775 2146 880 2229 τίς
918 2142 980 2216 εἶ
1023 2148 1130 2233 σύ,
1173 2148 1430 2232 τέκνον,·
1503 2147 1690 2215 19καὶ
1740 2142 1927 2215 εἶπεν
1963 2144 2189 2233 Ἰακώβ
2231 2172 2325 2236 τῳ
2375 2143 2580 2232 πατρὶ
2616 2135 2776 2229 Ἐγώ

547 2246 756 2321 Ἠσαῦ
802 2250 839 2323 6
890 2248 1309 2343 πρωτότοκός
1366 2275 1514 2337 σου,
1591 2249 1931 2341 πεποίηκα
1990 2249 2176 2319 καθὰ
2254 2244 2567 2337 ἒλάλησάς
2626 2270 2777 2333 μοι·

553 2354 832 2437 ἀναστὰς
871 2355 1158 2425 κάθισον
1202 2355 1316 2424 καὶ
1363 2350 1535 2445 φάγε
1577 2351 1716 2423 ἀπὸ
1762 2360 1878 2444 τῆς
1918 2349 2134 2444 θήρας
2174 2379 2335 2439 μου,
2378 2348 2566 2430 ὅπως
2594 2343 2778 2419 εὔλο-

551 2454 713 2550 γήσῃ
768 2486 850 2546 με
891 2458 932 2550 ἦ
976 2456 1151 2552 ψυχή
1194 2484 1329 2528 σου.
1425 2463 1486 2504 ²⁰
1505 2452 1656 2528 εἶπε
1715 2458 1787 2527 δὲ
1838 2451 2053 2526 Ἰσαὰκ
2111 2461 2206 2547 τῷ
2260 2453 2385 2546 υιῷ
2440 2452 2633 2524 αὐτοῦ
2692 2452 2781 2522 Τι

553 2569 772 2648 τοῦτο,
812 2556 852 2633 ὃ
891 2565 1046 2648 ταχὺ
1091 2557 1289 2652 εὗρες,
1336 2557 1389 2629 ὦ
1431 2563 1686 2648 τέκνον,·
1727 2559 1762 2632 6
1810 2562 1883 2631 66
1925 2555 2110 2630 εἶπεν
2143 2556 2239 2628 ‘¹0
2282 2560 2625 2650 παρέδωκε
2667 2553 2782 2627 κύ-

693 2712 725 2766 1
760 2725 901 2779 ησαυ
938 2723 1007 2772 >
1043 2729 1102 2768 cz
1147 2713 1155 2782 Ι
1207 2713 1235 2766 l
1273 2719 1574 2786 ανθρωπος
1606 2712 1651 2766 Ε
1686 2712 1804 2766 1000
1840 2730 1975 2784 ανηρ
2018 2712 2027 2782 Ι
2073 2712 2107 2766 2
2144 2729 2281 2786 ανηρ
2316 2718 2391 2790 >
2420 2713 2504 2764 mt
2541 2711 2551 2775 Ι
2592 2709 2628 2762 2
2662 2711 2783 2768 λιος

553 2797 676 2852 ΑΕΖ
730 2799 738 2868 1
793 2799 829 2852 2
863 2802 989 2868 post
1016 2815 1232 2870 μηποτε
1270 2799 1336 2866 -Ι-
1382 2816 1486 2851 ουν
1521 2813 1550 2851 o
1592 2799 1601 2867 Ι
1656 2798 1690 2852 2
1727 2802 2037 2870 ψιλαφησει
2074 2815 2119 2850 z·
2151 2799 2161 2867 Ι
2214 2797 2303 2864 213
2336 2798 2462 2866 posi:
2496 2815 2677 2869 πατηρ
2714 2796 2778 2862 -Ι-

553 2905 666 2958 μου
701 2883 879 2940 AEmt
945 2886 956 2955 Ι
1019 2886 1055 2939 3
1101 2885 1494 2959 καταφρονων]
1550 2923 1584 2949 ,,
1605 2884 1804 2954 Aquila
1854 2901 2354 2956 καταμωκωμενος.
2432 2881 2783 2953 Symmachus

554 2973 952 3034 xmanacL’cov“
990 2970 1024 3024 b
1041 3010 1054 3023 .
1111 2973 1158 3024 Ο
1205 2985 1501 3041 συμμαχος
1548 2989 1612 3024 το
1675 2989 2043 3046 καταφρονων
2104 2989 2225 3024 αντι
2275 2988 2373 3024 του
2426 2971 2781 3030 καταπαιζων

549 3061 596 3112 Ο
631 3059 695 3111 δε
733 3060 934 3117 ακυλας
970 3075 1447 3129 καταμωκωμενος
1481 3072 1538 3109 m
1579 3058 1590 3124 Ι
1633 3059 1669 3112 4
1704 3075 1776 3111 επ
1808 3077 1977 3111 αυτον
2013 3057 2057 3110 Ε
2103 3056 2113 3127 Ι
2156 3057 2192 3111 4
2233 3075 2304 3110 επ
2337 3065 2402 3116 >
2440 3075 2467 3109 z
2499 3057 2508 3126 Ι
2553 3057 2589 3110 4
2624 3073 2783 3109 ειπεν

553 3143 764 3198 AEm1z¹
801 3143 810 3213 Ι
853 3143 886 3198 5
923 3161 1250 3197 υπακουσον
1285 3141 1444 3208 Amt,
1483 3158 1725 3198 ακουσον
1759 3161 1787 3196 z
1818 3143 1827 3213 Ι
1870 3144 1958 3212 5s‘6
1990 3162 2084 3210 της
2119 3163 2309 3215 φωνης
2338 3162 2452 3216 μου
2487 3142 2721 3198 AEcmtz
2768 3141 2777 3212 Ι

554 3231 589 3285 6
627 3247 846 3300 ενεγκαι
882 3227 974 3284 ΑΕ
1030 3229 1038 3298 Ι
1103 3232 1138 3286 6
1171 3233 1366 3298 ελαβεν
1401 3228 1553 3283 AEt¹
1608 3232 1617 3295 Ι
1674 3232 1704 3284 7
1743 3247 1973 3300 ηνεγκεν
2009 3229 2103 3284 ΑΕ
2151 3233 2161 3297 Ι
2225 3230 2257 3284 7
2292 3249 2393 3296 την
2422 3247 2632 3303 μητερα
2666 3231 2694 3282 t
2712 3235 2731 3264 1
2770 3227 2779 3298 Ι

556 3317 587 3369 7
621 3318 749 3384 post
791 3335 962 3387 μητρι
1006 3316 1068 3376 -Ι-
1106 3334 1280 3368 αυτου
1335 3317 1444 3370 mtz
1511 3316 1518 3384 Ι
1583 3316 1619 3370 8
1662 3322 1854 3375 καθως
1886 3317 1996 3370 mtz
2062 3317 2070 3386 Ι
2140 3316 2173 3369 9
2221 3316 2406 3385 αυτης]
2460 3336 2631 3370 αυτου
2676 3335 2705 3368 z
2769 3316 2777 3385 Ι

555 3402 624 3457 10
661 3401 921 3456 ενεδυσεν
957 3420 1125 3474 αυτην
1154 3401 1249 3466 bc,
1310 3421 1405 3454 και
1443 3402 1703 3455 ενεδυσεν
1747 3400 1797 3455 A
1836 3402 1973 3472 [sine
2020 3402 2209 3472 αυτην]
2227 3441 2242 3468 ,
2278 3402 2537 3456 ενεδυσεν
2572 3403 2617 3456 Ε
2644 3401 2782 3472 [sine

556 3507 650 3542 και
677 3489 814 3558 (eius
833 3489 949 3543 loco
965 3489 1010 3560 Λ)
1029 3490 1085 3543 et
1101 3487 1218 3542 sine
1236 3489 1431 3558 αυτην]
1454 3491 1631 3559 amtyz
1648 3488 1656 3560 Ι
1674 3488 1827 3560 11Ι12
1845 3495 2142 3561 περιεθηκε
2161 3505 2235 3553 oz,
2256 3495 2455 3556 εθηκεν
2477 3491 2559 3543 mt
2576 3488 2583 3560 Ι
2599 3489 2667 3543 12
2688 3507 2783 3542 sm

554 3593 680 3632 τους
711 3583 1009 3648 βραχιονας
1045 3594 1212 3628 αυτου
1249 3594 1343 3628 και
1375 3585 1443 3635 >
1482 3577 1564 3629 mt
1620 3576 1629 3644 Ι
1687 3575 1753 3630 12
1790 3593 1887 3630 em
1922 3577 2229 3645 utrumque]
2268 3593 2399 3651 περι
2436 3592 2465 3630 c
2519 3576 2526 3645 Ι
2584 3575 2650 3628 12
2690 3593 2785 3629 sm

553 3659 724 3730 prius]
765 3677 893 3735 περι
929 3678 957 3713 z
1023 3662 1032 3730 Ι
1100 3662 1167 3714 13
1220 3662 1423 3715 εδωκεν
1455 3661 1576 3715 AEt
1596 3667 1615 3697 ¹
1682 3663 1690 3729 Ι
1765 3663 1833 3718 14
1880 3669 2052 3730 ιακωβ
2102 3662 2311 3718 abcmtz
2330 3701 2343 3725 ‚
2408 3669 2667 3735 ρεβεκκας
2717 3661 2783 3726 Α,

556 3764 724 3799 αυτου
759 3745 806 3798 Ε
845 3745 854 3815 Ι
896 3748 964 3802 14
1000 3766 1096 3800 του
1133 3766 1257 3800 υιου
1295 3766 1460 3815 αυτης
1496 3758 1564 3808 >
1600 3748 1645 3802 Ε
1677 3750 1685 3819 Ι
1728 3747 1887 3818 14s15
1921 3762 2239 3819 εισηνεγκεν
2268 3748 2390 3813 ΑΕ,
2432 3765 2626 3818 ηνεγκε
2663 3763 2729 3816 ay
2770 3746 2779 3817 Ι

555 3831 622 3888 15
659 3850 734 3902 τῳ
769 3850 940 3906 πατρι
977 3851 1143 3885 αυτου
1167 3841 1236 3891 >
1254 3848 1288 3886 a
1318 3831 1326 3902 Ι
1360 3833 1429 3888 15
1452 3851 1576 3888 ειπε
1606 3835 1691 3904 δε]
1732 3853 1827 3887 και
1866 3851 1988 3888 ειπε
2013 3849 2071 3887 cz
2102 3837 2113 3900 Ι
2145 3835 2212 3890 15
2240 3833 2365 3889 med
2390 3851 2547 3888 ειπεν
2569 3833 2690 3888 AEt
2710 3839 2729 3870 ¹
2770 3832 2779 3904 Ι

556 3917 624 3973 15
659 3921 790 3987 post
824 3935 1002 3992 πατερ
1041 3920 1105 3986 -Ι-
1142 3939 1254 3988 μου
1290 3917 1339 3972 Α
1403 3922 1413 3986 Ι
1479 3921 1547 3974 16
1598 3922 1741 4000 ante·
1761 3940 1849 3982 τις
1885 3922 1949 3988 -Ι-
1988 3941 2020 3973 ο
2058 3921 2123 3974 δε
2172 3938 2329 3974 ειπεν
2360 3919 2409 3973 A
2472 3922 2482 3986 Ι
2549 3921 2617 3975 16
2658 3922 2787 3988 post

556 4012 732 4073 ιακωβ
771 4006 838 4073 -Ι-
876 4024 907 4056 ο
941 4023 1066 4064 υιος
1101 4024 1269 4058 αυτου
1304 4004 1353 4059 Α
1393 4005 1403 4073 Ι
1452 4006 1519 4062 16
1553 4010 1679 4076 post
1714 4026 1886 4080 πατρι
1924 4008 1988 4074 -Ι-
2030 4025 2198 4060 αυτου
2233 4006 2465 4061 AEcmtz
2498 4006 2507 4076 Ι
2557 4007 2622 4062 17
2658 4008 2785 4075 post

554 4105 657 4144 σου
697 4092 762 4161 -Ι-
799 4111 894 4144 και
930 4107 984 4145 m
1022 4091 1160 4161 [t=
1186 4091 1244 4161 b]
1309 4094 1320 4157 Ι
1389 4093 1453 4146 17
1500 4108 1738 4161 εποιησα
1785 4092 1863 4146 Az
1929 4095 1937 4158 Ι
2006 4093 2072 4146 17
2110 4099 2296 4151 καθως
2346 4095 2647 4159 λελαληκας
2682 4109 2711 4146 0
2770 4092 2779 4162 Ι

525 4177 624 4230 ’18
660 4194 773 4230 ano
813 4196 905 4245 της
937 4185 1117 4254 θηρας
1151 4198 1264 4250 μου
1303 4189 1372 4238 >
1407 4197 1438 4234 z
1491 4183 1500 4246 Ι
1569 4179 1638 4232 18
1674 4198 1789 4233 απο
1826 4189 1893 4239 >
1929 4177 2175 4249 AEamty
2228 4179 2237 4247 Ι
2305 4179 2371 4234 18
2405 4199 2450 4247 μ
2486 4178 2634 4233 uocis
2668 4198 2781 4248 μου

557 4261 651 4332 [an
692 4263 910 4332 integra
957 4263 1120 4334 uox‘?]
1181 4280 1347 4321 manu
1401 4266 1577 4335 prima
1628 4266 1687 4320 in
1739 4281 1927 4320 rasura
1971 4266 2019 4319 A
2090 4268 2101 4331 Ι
2168 4264 2326 4332 18119
2380 4269 2673 4336 ευλογησει
2727 4281 2782 4318 m

555 4347 605 4416 [t
627 4371 696 4390 ==
721 4347 776 4418 b]
802 4365 832 4404 z
861 4353 872 4416 Ι
907 4350 973 4405 19
1013 4368 1172 4404 ειπεν
1207 4350 1362 4404 ΑΕῒ.1
1393 4351 1401 4420 Ι
1436 4353 1501 4406 19
1534 4371 1637 4406 του
1674 4372 1797 4406 mov
1833 4351 1878 4404 Ε
1920 4353 1931 4416 Ι
1974 4352 2045 4409 20
2080 4372 2112 4404 ο
2147 4351 2381 4421 primum
2418 4371 2504 4405 οτι
2543 4351 2787 4406 scribunt

559 4432 687 4487 Emt
714 4433 725 4502 Ι
755 4434 825 4488 20
860 4455 891 4487 ο
927 4435 1014 4504 δε]
1053 4455 1148 4490 και
1181 4435 1256 4490 Ez
1285 4440 1298 4506 Ι
1327 4436 1397 4490 20
1434 4438 1757 4512 παρεδωκεν
1792 4437 1943 4492 AEt¹

2814 1542 2877 1589 10

2816 2059 2878 2106 15

2816 2583 2882 2628 20
