3169 4941
548 397 649 453 168
1480 394 1708 451 Genesis
1742 396 1830 451 41.

543 582 667 625 ναι.
766 549 1232 636 14ἇποστείλας
1273 555 1347 624 δὲ
1392 555 1632 645 Φαραώ
1681 554 1944 625 ἐκάλεσε
1983 553 2094 623 τὸν
2125 546 2386 645 Ἰωσήφ.
2444 552 2564 622 ’καὶ
2607 548 2752 643 ἓξή-
2787 575 2814 621 1

542 685 736 748 γαγον
782 654 973 728 αὐτὸν
1019 656 1156 727 ἀπὸ
1191 664 1308 727 τοῦ
1364 654 1775 748 ὀχυρώματος
1793 709 1812 746 ,
1889 658 2001 727 καὶ
2043 653 2351 749 ἐξύρησαν
2404 654 2594 726 αὐτὸν
2639 658 2751 725 καὶ

542 761 817 855 ἤλλαξαν
857 764 972 854 τὴν
1016 765 1247 854 στολὴν
1291 762 1511 832 αὐτοῦ·
1571 764 1679 831 καὶ
1724 758 1887 854 ἦλθε
1943 763 2111 852 πρὸς
2160 760 2416 852 Φαραώ.
2512 763 2572 805 15
2601 754 2752 829 εἶπε

544 869 617 937 δὲ
667 867 909 958 Φαραώ
952 868 1119 958 πρὸς
1154 864 1385 959 Ἰωσὴφ
1442 862 1776 935 Ἐνύπνιον
1819 862 2066 957 ἑώρακα
2085 922 2101 953 ,
2158 867 2268 935 καὶ
2321 864 2358 935 ὁ
2409 864 2755 957 συγκρίνων

544 964 660 1041 οὐκ
715 970 895 1041 ἐστιν
949 970 1104 1041 αὐτό
1124 998 1141 1015 ·
1214 971 1337 1061 ἐγώ
1384 972 1457 1041 δὲ
1512 966 1756 1063 α’κήκοα
1811 971 1967 1061 περὶ
2028 978 2145 1040 σοῦ
2199 967 2509 1059 λεγόντων
2563 965 2754 1039 ἀκού·
2787 992 2819 1039 5

544 1075 759 1145 σαντά·
792 1098 865 1143 σε
911 1073 1175 1153 ἐνύπνια
1221 1082 1553 1165 συγκρῖναι
1599 1068 1778 1145 αὐτά.
1876 1081 1935 1120 ¹⁶
1959 1072 2354 1164 ἀποκριθεὶς
2397 1075 2470 1143 δὲ
2509 1068 2755 1165 Ἰωσὴφ

542 1184 636 1270 τῷ
684 1181 927 1269 Φαραὼ
970 1175 1155 1249 εἶπεν
1197 1179 1382 1251 'Am
1424 1186 1543 1249 τοῦ
1582 1184 1748 1249 θεοῦ
1791 1178 1908 1249 οὖκ
1947 1173 2466 1271 ἀποκριθήσεται
2515 1179 2592 1248 τὸ
2624 1201 2754 1247 σω-

543 1281 761 1377 τήριον
811 1282 1069 1376 Φαραώ.
1166 1292 1226 1330 ¹⁷
1254 1283 1519 1377 ἔλάλησε
1564 1286 1638 1355 δὲ
1687 1286 1929 1375 Φαραώ
1986 1293 2078 1374 τῷ
2117 1278 2360 1374 Ἰωσὴφ
2411 1283 2611 1373 λέγων
2651 1277 2754 1351 Ἐν

542 1396 637 1478 τῷ
697 1387 886 1480 ὕπνῳ
943 1416 1069 1477 μου
1126 1388 1301 1481 ᾤμην
1354 1386 1616 1459 ἑστάναι
1675 1390 1858 1481 παρὰ
1899 1388 1974 1457 τὸ
2014 1392 2226 1472 χεῖλος
2275 1394 2390 1457 τοῦ
2431 1397 2752 1474 ποταμοῦ,

554 1493 731 1562 18καὶ
783 1492 1009 1584 ὥσπερ
1058 1495 1155 1563 ἐκ,
1185 1499 1300 1563 τοῦ
1351 1502 1652 1579 ποταμοῦ
1727 1492 2060 1581 ἀνέβαινον
2120 1490 2291 1560 ἑπτὰ
2350 1491 2502 1580 βόες
2559 1493 2754 1561 καλαὶ
2794 1515 2860 1561 10

544 1601 637 1687 τῷ
678 1594 837 1667 εἴδει
878 1598 989 1667 καὶ
1031 1600 1322 1669 ἑκλεκταὶ
1363 1604 1512 1679 ταῖς
1554 1596 1773 1688 σαρξί,
1843 1598 1954 1665 καὶ
1997 1596 2294 1685 ἐνέμοντο
2351 1596 2422 1664 ἑν
2463 1600 2556 1685 τῷ
2597 1594 2755 1680 ἔχει.

554 1707 611 1747 ¹⁹
623 1702 734 1771 καὶ
772 1701 915 1772 ἰδοὺ
954 1699 1125 1771 ἑπτὰ
1173 1699 1325 1789 βόες
1365 1701 1577 1794 ἕτεραι
1634 1700 1970 1789 ἀνέβαινον
2023 1694 2244 1769 ὀπίσω
2288 1693 2496 1769 αὐτῶν
2536 1699 2607 1771 ἐκ
2643 1704 2758 1769 τοῦ

545 1814 845 1894 ποταμοῦ
866 1861 882 1891 ,
948 1806 1230 1899 πονηραὶ
1284 1807 1397 1875 καὶ
1453 1805 1714 1897 αἰσχραὶ
1781 1811 1874 1896 τῷ
1931 1802 2090 1874 εἴδει
2149 1805 2257 1874 καὶ
2318 1805 2556 1873 λεπταὶ
2609 1810 2758 1885 ταῖς

546 1907 768 1999 σαρξίν
780 1965 799 1997 ,
843 1913 987 1992 οἵας
1030 1908 1145 1979 οὐκ
1185 1904 1359 1979 εἶδον
1402 1908 1705 1991 τοιαύτας
1744 1910 1812 1979 ἐν
1858 1908 1973 2001 ὅλῃ
2001 1919 2080 2001 γῇ
2109 1906 2463 1997 Αἰγύπτου
2493 1906 2757 1999 αἰσχρο-

544 2013 749 2103 τέρας.
846 2014 1031 2083 10καὶ
1068 2014 1431 2105 κατέφαγον
1472 2012 1543 2083 αἱ
1587 2011 1760 2083 ἑπτὰ
1797 2013 1947 2101 βόες
1989 2012 2060 2081 αἱ
2091 2011 2349 2103 αἰσχραὶ
2377 2012 2489 2081 καὶ
2518 2015 2758 2082 λεπταὶ
2795 2030 2861 2079 15

545 2117 667 2199 τὰς
722 2116 893 2187 επτὰ
946 2114 1109 2206 βόας
1162 2120 1281 2199 τὰς
1338 2118 1604 2209 πρώτας
1664 2120 1786 2199 τὰς
1845 2119 2048 2199 καλὰς
2099 2144 2207 2187 και
2265 2119 2383 2199 τὰς
2439 2116 2757 2202 ἐκλεκτός,

556 2227 614 2267 11
630 2223 741 2291 και
783 2220 1097 2315 εισῆλθον
1136 2221 1230 2303 εἰς
1265 2222 1383 2303 τὰς
1423 2221 1673 2305 κοιλίας
1709 2218 1942 2291 αὐτῶν·
2000 2222 2107 2291 καὶ
2167 2248 2240 2291 ου
2289 2219 2584 2312 διάδηλοι
2626 2222 2756 2310 ε’γέ-

545 2353 726 2397 νοντο
763 2327 869 2397 ὅτι
909 2326 1219 2419 εἰσῆλθον
1266 2326 1361 2409 εἶς
1404 2327 1526 2409 τὰς
1564 2326 1816 2408 κοιλίας
1861 2325 2099 2411 αὐτῶν,
2145 2327 2255 2395 καὶ
2298 2354 2368 2395 αι
2407 2326 2602 2417 όψεις
2643 2320 2757 2395 αὗ-

546 2441 676 2502 τῶν
728 2430 991 2522 αισχραι
1029 2432 1213 2501 καθὰ
1256 2458 1369 2502 και
1426 2432 1537 2524 τὴν
1574 2429 1784 2524 ἀρχήν.
1867 2431 2228 2524 ἐξεγερθεὶς
2266 2431 2339 2502 δὲ
2387 2427 2758 2524 ἒκοιμήθην.

693 2698 723 2752 1
762 2698 1017 2750 εκαλεσεν
1033 2694 1205 2750 ADEt
1220 2701 1239 2731 ¹
1269 2695 1279 2763 Ι
1311 2695 1398 2764 1s2
1436 2697 1704 2765 εξηγαγεν
1724 2693 1855 2748 Amt
1881 2694 1953 2761 [D
1978 2692 2203 2748 habet..
2221 2696 2531 2764 .ηγαγον].
2557 2716 2603 2767 s„
2613 2695 2760 2750 schol

552 2782 737 2858 δρομῃ
772 2786 1015 2852 ηγαγον’
1021 2780 1103 2836 ‘b
1174 2781 1181 2850 Ι
1250 2780 1285 2834 2
1321 2784 1451 2848 απο]
1492 2799 1555 2834 εκ
1591 2779 1736 2834 ADE
1793 2780 1873 2850 [et
1912 2779 1945 2832 b
1982 2780 2097 2849 ipse
2132 2779 2189 2832 in
2225 2779 2469 2847 margine
2487 2781 2523 2849 !]
2565 2784 2702 2835 cmtz
2747 2780 2755 2852 Ι

552 2870 588 2923 2
626 2873 881 2943 εξηρηοεν
914 2887 942 2921 z
974 2872 982 2936 Ι
1013 2869 1047 2922 3
1070 2871 1239 2935 ηλθεν
1262 2865 1386 2932 ΑΕ,
1424 2869 1683 2934 εισηλθεν
1705 2869 1796 2929 t1,
1836 2869 2058 2932 εισηλθε
2091 2866 2156 2919 132
2181 2865 2345 2934 [m=
2360 2866 2416 2934 b]
2447 2867 2457 2936 Ι
2488 2868 2522 2921 3
2546 2886 2717 2938 ‹pawz
2745 2866 2754 2938 Ι

554 2958 589 3011 3
625 2973 779 3010 ειπεν
812 2955 963 3010 AEt¹
994 2956 1002 3025 Ι
1032 2956 1069 3009 4
1104 2956 1265 3030 προς]
1306 2974 1381 3008 τω
1417 2953 1516 3007 AD
1554 2953 1672 3022 [Gn]
1697 2953 1828 3017 Ecz,
1864 2973 1964 3005 τωι
1999 2955 2027 3006 t
2051 2953 2182 3022 [non
2205 2953 2282 3021 m]
2315 2952 2323 3021 Ι
2353 2953 2390 3007 4
2423 2971 2624 3028 εορακα
2654 2954 2704 3008 D
2746 2954 2755 3025 Ι

550 3045 586 3098 4
621 3059 921 3117 συγκρινας
953 3061 981 3095 z
1010 3042 1019 3111 Ι
1051 3043 1084 3096 5
1121 3061 1252 3094 auto
1289 3061 1388 3095 ουκ
1423 3055 1572 3094 εστιν
1608 3039 1686 3094 Az
1717 3041 1726 3112 Ι
1757 3043 1789 3096 6
1825 3055 2149 3113 συγκρινειν
2185 3058 2211 3093 z
2255 3043 2265 3107 Ι
2310 3040 2341 3093 7
2377 3057 2502 3093 ειπε
2537 3060 2611 3093 τω
2649 3061 2760 3112 φα-

551 3150 665 3207 ραω
700 3144 756 3183 cz
787 3129 796 3199 Ι
827 3128 862 3183 8
897 3131 1157 3196 ελαλησεν
1188 3127 1397 3181 ADEt1
1442 3127 1451 3197 Ι
1493 3127 1527 3180 9
1560 3145 1800 3181 ενυπνιω
1834 3145 1862 3178 z
1894 3129 1903 3194 Ι
1943 3126 1978 3179 9
2012 3126 2183 3198 παρα]
2223 3143 2317 3178 επι
2346 3124 2472 3190 AD,
2510 3144 2643 3199 περι
2679 3145 2706 3180 z
2746 3127 2755 3198 Ι

553 3218 623 3272 10
657 3216 866 3291 ωσπερ]
894 3216 1019 3269 ιδου
1043 3217 1147 3280 mt,
1186 3216 1318 3269 ιδου
1342 3230 1527 3289 ωσπερ
1552 3233 1579 3267 z
1611 3213 1621 3282 Ι
1655 3215 1722 3268 10
1747 3220 2040 3281 ανεβεννον
2062 3212 2106 3265 Ε
2137 3213 2147 3284 Ι
2181 3211 2330 3283 10l11
2357 3220 2486 3279 βοες
2510 3216 2760 3268 εκλεκται

553 3322 673 3363 ταις
710 3304 903 3377 σαρξιν
938 3322 1031 3356 και
1064 3305 1230 3356 καλαι
1265 3321 1341 3354 τω
1385 3302 1522 3354 ειδει
1558 3317 1616 3365 e,
1665 3308 1791 3369 βοες
1825 3304 2064 3353 εκλεκτοι
2101 3317 2222 3358 ταις
2255 3302 2418 3373 σαρξι
2458 3319 2552 3353 και
2591 3305 2757 3354 καλαι

554 3410 628 3444 τω
668 3389 804 3443 ειδει
844 3407 872 3442 z
920 3393 930 3457 Ι
982 3388 1047 3442 11
1084 3389 1195 3442 ιδει
1230 3388 1279 3443 Α
1305 3387 1534 3458 [D=b]
1568 3387 1578 3458 Ι
1613 3388 1674 3442 11
1714 3391 1908 3462 σαρξιν
1942 3386 2126 3440 AEot1
2172 3387 2179 3456 Ι
2231 3389 2295 3442 11
2333 3406 2406 3440 τω
2449 3408 2545 3458 αχι
2581 3404 2661 3453 cz,
2696 3409 2761 3463 τῃ

555 3483 699 3551 οχθῃ
724 3493 759 3531 a
787 3479 797 3544 Ι
829 3477 897 3530 12
920 3493 1093 3550 ετεροι
1118 3483 1247 3544 βοες
1270 3493 1406 3529 επτα
1440 3493 1469 3529 z
1499 3477 1509 3541 Ι
1541 3478 1608 3531 12
1631 3482 1700 3544 βο
1729 3492 1847 3547 ετερ
1877 3491 1933 3527 m
1951 3479 2000 3538 1,
2039 3473 2214 3542 prima
2249 3488 2410 3528 manu
2435 3475 2757 3547 correctum!

557 3565 624 3618 12
662 3571 953 3632 ανεβεννον
970 3563 1033 3628 Ε,
1059 3562 1385 3631 ἄναίβαινον
1406 3580 1434 3614 z
1466 3562 1474 3632 Ι
1506 3562 1574 3616 13
1611 3578 1803 3635 εσχραι
1839 3560 1887 3615 A
1917 3563 1927 3627 Ι
1959 3561 2026 3617 13
2060 3560 2237 3615 ιδειΑ
2259 3559 2479 3631 [D=b]
2513 3562 2520 3631 Ι
2555 3563 2621 3616 13
2638 3566 2764 3631 post

559 3652 699 3706 ειδει
736 3651 801 3719 -Ι-
842 3651 1067 3722 σφοδρα
1100 3650 1185 3703 Da
1251 3652 1259 3717 Ι
1328 3648 1483 3720 13s14
1518 3668 1613 3702 και
1649 3652 1842 3702 λεπται
1889 3667 2007 3706 ταις
2043 3650 2234 3722 σαρξιν
2267 3658 2334 3707 >
2369 3650 2397 3701 t
2459 3651 2468 3716 Ι
2537 3648 2605 3702 14
2638 3652 2766 3717 post

556 3741 750 3813 σαρξιν
785 3740 847 3802 -Ι-
885 3756 977 3790 και
1017 3755 1280 3807 ενεμοντο
1321 3755 1381 3790 εν
1416 3756 1490 3790 τω
1528 3754 1650 3805 αχει
1691 3735 1763 3799 A,
1812 3734 1908 3790 sed
1945 3751 2181 3798 „manus
2215 3736 2566 3804 peruetusta“
2615 3738 2764 3790 assse-

558 3826 756 3880 riscum
794 3822 1028 3894 margini
1064 3823 1353 3893 adscripsit
1404 3823 1413 3893 Ι
1470 3822 1538 3878 14
1572 3824 1735 3877 οιδον
1771 3840 1800 3876 z
1847 3823 1854 3891 Ι
1913 3822 1980 3877 14
2015 3842 2086 3895 γῃ
2121 3831 2187 3881 >
2225 3819 2299 3887 Α,
2340 3820 2505 3876 habet
2534 3823 2584 3877 D
2612 3825 2764 3891 [63].

556 3931 715 3982 τηγη
740 3911 803 3976 Ε,
834 3931 923 3979 τηι
948 3930 1018 3980 γη
1043 3913 1124 3965 mt
1148 3911 1267 3981 [γηι
1281 3911 1328 3981 t]
1348 3909 1356 3981 Ι
1378 3910 1447 3966 14
1471 3928 1724 3980 αιγυπτω
1747 3907 1846 3962 AD
1871 3911 1990 3976 [erm
2028 3911 2272 3978 superest
2293 3909 2512 3978 γυπτω]
2539 3908 2590 3980 ΖΙ
2614 3911 2680 3964 15
2705 3931 2766 3964 αι

557 4000 707 4069 prius
742 4007 811 4058 >
844 4013 878 4052 a
920 3999 928 4066 Ι
980 3997 1046 4052 15
1082 4012 1278 4067 εσχραι
1316 3995 1359 4050 Ε
1406 3997 1413 4066 Ι
1466 3997 1530 4050 15
1570 3999 1768 4049 λεπται
1811 4015 1904 4048 και
1943 4010 2168 4070 αισχραι
2200 3995 2308 4048 Doz
2341 3995 2349 4064 Ι
2381 3995 2449 4050 16
2480 4014 2577 4056 τας
2609 4015 2768 4071 πρω-

558 4106 654 4148 τας
686 4096 752 4144 >
787 4103 815 4138 z
868 4087 878 4151 Ι
934 4085 1001 4140 16
1038 4103 1133 4144 τας
1168 4087 1339 4145 καλας
1377 4103 1473 4142 τας
1506 4101 1727 4153 πρωτας
1763 4099 1796 4136 a
1857 4084 1867 4150 Ι
1937 4084 2001 4137 16
2037 4083 2162 4136 ante
2196 4100 2292 4141 τας
2323 4082 2546 4136 tertium
2577 4099 2768 4140 rasura

557 4173 725 4227 trium
759 4171 1039 4226 literarum
1074 4187 1239 4240 capax
1272 4173 1300 4224 t
1329 4172 1337 4239 Ι
1372 4172 1436 4225 16
1473 4189 1570 4229 τας
1605 4170 1845 4238 tertium]
1886 4189 1980 4222 και
2010 4168 2055 4223 Ε
2097 4173 2106 4236 Ι
2156 4169 2222 4223 16
2256 4188 2350 4222 και
2385 4188 2482 4229 τας
2517 4175 2766 4232 εκλεκτας

560 4268 628 4318 >
660 4259 705 4310 Ε
735 4259 745 4328 Ι
777 4259 843 4312 16
877 4278 972 4318 τας
1008 4260 1256 4328 quartum
1290 4266 1358 4316 >
1395 4256 1588 4319 Aamt‚
1619 4255 1782 4310 habet
1812 4255 1861 4308 D
1893 4257 1902 4325 Ι
1935 4255 2000 4310 17
2038 4275 2132 4308 και
2167 4257 2456 4326 εισηλθον]
2497 4261 2765 4323 εισηλθον

562 4347 629 4398 δε
661 4347 743 4398 mt
782 4347 789 4414 Ι
837 4345 904 4401 18
939 4347 1277 4412 εισηλθοσαυ
1311 4361 1341 4398 z
1392 4348 1402 4412 Ι
1460 4344 1525 4399 18
1557 4346 1683 4412 post
1714 4345 1924 4401 κοιλιας
1957 4342 2023 4411 -Ι-
2067 4361 2130 4400 ας
2164 4344 2241 4408 D,
2287 4344 2335 4400 si
2368 4344 2764 4401 Tischendorfio

560 4429 694 4486 fides
738 4444 747 4500 Ι
793 4431 860 4487 19
894 4436 1151 4504 καθαπερ
1190 4445 1219 4486 c
