3169 4941
1517 397 1923 460 ...lg-

1309 577 1643 634 Psalmorum
1678 580 1781 652 ρμβ
1822 581 1852 634 7
1888 581 1924 635 8

1670 680 1769 734 per
1807 665 1836 716 1
1877 691 1935 700 -
1976 663 2011 716 3

1668 762 1764 815 ρμε
1798 745 1829 799 7
1879 774 1926 782 —
1976 744 2054 798 13.

604 870 898 930 accedunt
937 872 1015 932 ad
1060 872 1170 935 hos
1215 876 1438 956 priuati
1474 878 1739 958 quidam,
1766 878 2096 959 Petropoli,
2134 877 2356 951 Patmi,
2397 879 2831 961 Hierosolymis

605 967 846 1046 sepulti.
907 972 1223 1035 accederet
1251 974 1561 1039 Parsonsii
1597 976 1697 1052 27,
1746 977 1799 1038 si
1841 975 2095 1038 inueniri
2130 985 2366 1055 posset:
2424 978 2497 1039 de
2537 997 2654 1058 quo
2693 979 2827 1040 Ru-

603 1064 798 1127 dolfus
845 1066 1013 1128 Roth
1056 1073 1289 1150 roganti
1340 1074 1486 1137 mihi
1543 1095 1623 1137 an
1666 1075 1976 1156 Tubingae
2032 1073 2274 1154 aliquod
2332 1075 2457 1137 eius
2514 1075 2831 1156 uestigium

603 1171 890 1238 exstaret,
929 1165 1078 1228 haec
1119 1171 1454 1252 rescripsit:
1512 1173 1611 1235 ich
1636 1176 1901 1237 bedaure
1945 1172 2239 1235 mitteilen
2280 1192 2353 1234 zu
2400 1179 2645 1236 miissen
2687 1176 2830 1236 dass

600 1260 778 1322 keine
831 1264 940 1325 der
994 1265 1401 1344 griechischen
1447 1272 1897 1335 handschriften
1952 1271 2081 1334 sich
2131 1271 2263 1332 hier
2308 1269 2681 1355 [Tubingae]
2719 1273 2832 1334 be-

603 1359 808 1433 findet‚
867 1361 1021 1423 auch
1064 1363 1232 1426 nicht
1273 1370 1378 1431 auf
1414 1371 1522 1432 der
1577 1371 1959 1433 offentlichen
2014 1370 2351 1432 bibliothek
2400 1369 2463 1430 in
2509 1369 2829 1452 stuttgart.

496 1544 501 1549 Ι
601 1457 1096 1523 wahrscheinlich
1156 1465 1377 1528 kamen
1436 1469 1522 1530 sie
1569 1469 1681 1531 mit
1741 1472 1856 1532 den
1909 1467 2368 1530 orientalischen
2424 1467 2658 1529 codices
2720 1487 2831 1529 aus

603 1553 968 1620 Schnurrers
1005 1561 1284 1624 nachlass
1328 1567 1484 1629 nach
1529 1566 1778 1630 Oxford.

770 1655 865 1716 Ac
911 1657 1166 1736 primum
1204 1663 1443 1742 quidem
1483 1667 1835 1728 secernendi
1878 1685 1954 1727 ex
1999 1665 2112 1726 hoc
2157 1683 2423 1738 nomem,
2482 1663 2582 1745 qui
2632 1663 2825 1726 hexa-

600 1751 803 1831 plares
847 1764 1004 1817 sunt.
1079 1779 1194 1821 non
1245 1765 1402 1842 quod
1450 1762 1773 1845 Origenem
1812 1783 1920 1844 ego
1960 1781 2080 1824 non
2134 1762 2381 1824 maximi
2428 1763 2666 1837 faciam,
2723 1765 2831 1826 sed

600 1851 778 1913 credo
824 1872 932 1914 nos
971 1857 1227 1919 sanioris
1276 1862 1582 1924 doctrinae
1628 1863 1902 1924 alumnos
1947 1881 2128 1941 quam
2174 1879 2294 1941 qua
2336 1859 2440 1921 ille
2482 1860 2643 1922 inter
2662 1879 2829 1941 -per-

601 1956 941 2012 secutorum
1003 1954 1232 2033 gladios
1293 1961 1534 2023 saeculo
1598 1961 1775 2024 tertio
1829 1960 2071 2022 ineunte
2128 1959 2440 2021 institutus
2497 1967 2620 2032 est,
2678 1978 2829 2039 opus

599 2046 931 2128 hexaplare
978 2071 1098 2114 non
1151 2057 1526 2120 adhibituros
1574 2079 1707 2120 esse
1764 2069 2072 2139 tamquam
2116 2058 2167 2120 si
2215 2076 2312 2118 res
2359 2076 2428 2118 eo
2479 2066 2643 2118 esset
2684 2075 2829 2118 con·-

599 2144 776 2221 fecta,
824 2151 931 2211 sed
974 2149 1238 2232 singulas
1281 2155 1410 2218 eius
1455 2167 1660 2238 partes
1701 2167 2019 2219 conaturos
2049 2156 2404 2237 reciperare,
2448 2153 2663 2234 quibus
2708 2173 2827 2216 non

601 2243 808 2307 dubito
853 2249 995 2327 quin
1041 2248 1298 2331 Origene
1343 2256 1532 2317 multo
1573 2256 2063 2336 circumspectius
2106 2255 2293 2317 simus
2337 2253 2517 2316 usuri.
2598 2253 2832 2316 accedit

601 2345 760 2422 quod
803 2345 1038 2409 codices
1089 2348 1452 2431 hexaplares
1501 2375 1659 2417 nunc
1718 2355 2076 2434 superstites
2128 2353 2297 2432 (uide
2339 2354 2514 2415 modo
2571 2352 2713 2432 quid
2753 2352 2828 2412 de

599 2441 764 2505 Isaia
801 2443 940 2507 libri
990 2446 1424 2513 claromontani
1469 2455 1643 2515 modo
1690 2453 2021 2535 docuerim)
2084 2453 2199 2515 nisi
2255 2469 2491 2514 summa
2548 2449 2825 2511 cautione

601 2539 874 2603 adhibita
910 2543 971 2605 in
1007 2566 1150 2607 usus
1197 2560 1433 2611 nostros
1482 2561 1830 2614 conuertere
1876 2570 1993 2612 non
2025 2570 2363 2631 possumuS,
2415 2567 2563 2628 quos
2602 2549 2680 2608 ad
2717 2566 2825 2608 ca-

600 2646 894 2714 tenarum,
950 2652 1189 2722 patrum
1209 2694 1224 2720 ‚
1287 2649 1625 2711 uersionum
1694 2649 1964 2730 syriacae
2022 2658 2082 2709 et
2141 2647 2419 2710 arabicae
2481 2644 2827 2707 testimonia

601 2744 846 2799 exactos
908 2739 1025 2802 fide
1083 2742 1290 2823 dignos
1343 2765 1462 2807 non
1516 2746 1943 2821 iudicabimus;
1985 2746 2099 2807 nisi
2151 2744 2255 2807 ubi
2312 2765 2403 2806 se.
2434 2744 2552 2825 ipsi
2610 2751 2826 2823 suapte

599 2835 798 2897 indole
844 2845 906 2899 et
947 2840 1119 2918 quasi
1159 2845 1419 2921 quadam
1462 2853 1683 2906 natura
1732 2845 1903 2907 nobis
1951 2865 2027 2906 ex
2065 2844 2349 2906 diuturna
2382 2845 2597 2905 harum
2633 2841 2825 2903 inter-

601 2935 1008 3014 pretationum
1052 2942 1478 3003 consuetudine
1525 2962 1729 3005 eorum
1772 2963 1968 3005 mores
2001 2942 2227 3005 edoctis
2268 2941 2435 3023 (nam
2481 2941 2701 3002 tirones
2748 2940 2824 3000 ab

604 3034 718 3096 hoc
764 3043 892 3096 toto
935 3037 1267 3100 studiorum
1306 3060 1519 3120 genere
1563 3061 1759 3117 arceo,
1817 3042 2027 3116 deicio,
2060 3040 2339 3122 depello)
2382 3040 2603 3121 probos
2637 3047 2825 3099 testes

602 3141 664 3193 et
701 3133 803 3212 qui
846 3134 1040 3196 audiri
1076 3148 1418 3201 mereantur
1458 3140 1864 3220 probauerint.

768 3230 889 3292 iam
931 3232 986 3294 si
1032 3233 1143 3295 hos
1179 3236 1542 3317 hexaplares
1571 3238 2023 3311 secreuerimuS,
2067 3245 2425 3317 supererunt
2449 3244 2637 3297 testes
2680 3253 2826 3297 con-

601 3328 754 3389 tinui
795 3329 1044 3411 singulis
1085 3333 1254 3395 libris
1299 3336 1544 3399 edendis
1583 3336 1909 3399 adhibendi
1947 3334 2146 3397 octoni
2171 3335 2234 3396 in
2266 3334 2519 3415 psalmis
2566 3331 2650 3414 (si
2691 3332 2828 3413 qui-

600 3429 737 3489 dem
804 3428 1066 3509 integros
1127 3442 1401 3495 seruatos
1444 3455 1669 3509 sumas,
1736 3436 1837 3515 qui
1883 3452 2172 3514 perquam
2227 3432 2423 3493 mutili
2474 3430 2827 3521 supersunt)

600 3526 836 3606 septeni
879 3527 942 3587 in
985 3526 1229 3603 Genesi,
1287 3532 1637 3613 plerumque
1681 3532 1957 3614 quaterni
2008 3531 2109 3592 uel
2147 3531 2322 3605 terni,
2362 3530 2663 3592 interdum
2701 3529 2829 3591 bini

598 3632 855 3686 tantum.
937 3633 1004 3686 at
1039 3627 1171 3706 quis
1212 3638 1305 3690 est
1350 3638 1476 3691 tam
1519 3630 1782 3711 ineptus,
1842 3638 1911 3692 ut
1956 3628 2243 3690 ecclesiae
2287 3647 2501 3708 graeco
2554 3646 2828 3688 sermone

605 3723 830 3785 utentis
870 3723 931 3784 in
976 3731 1069 3784 tot
1108 3726 1430 3804 prouinciis
1457 3746 1569 3807 per
1610 3731 1817 3790 decem
1852 3729 1974 3790 fere
2011 3725 2255 3787 saecula
2281 3725 2584 3786 codicibus
2605 3724 2828 3786 ueteris

601 3821 949 3883 testamenti
995 3823 1270 3884 omnibus
1315 3843 1448 3886 cum
1495 3826 1590 3887 his
1615 3870 1617 3872 >
1647 3827 1837 3888 tribus
1880 3834 2209 3905 quatuorue
2254 3820 2421 3882 libris
2466 3830 2643 3902 putet
2681 3840 2827 3883 con-

599 3918 878 3981 uenisse?
942 3920 1301 4001 praesertim
1343 3942 1525 4002 quum
1571 3924 1785 3987 horum
1828 3925 2097 4004 ipsorum
2140 3919 2453 3981 discidium
2493 3938 2611 3981 non
2654 3918 2831 3981 nimis

601 4036 855 4097 paruum
904 4037 1037 4079 esse
1081 4022 1677 4100 compraehendatur.
1754 4021 1950 4084 uersio
1992 4029 2195 4082 autem
2237 4017 2622 4098 septuaginta
2665 4016 2830 4079 uiro-

602 4134 733 4177 rum
781 4135 901 4178 non
945 4116 1233 4179 ecclesiae
1279 4138 1429 4200 opus
1469 4128 1582 4194 est,
1634 4122 1740 4182 sed
1775 4129 1914 4181 ante
1948 4118 2263 4179 ecclesiam
2304 4114 2828 4191 conditam‘facta,

601 4223 672 4275 ut
733 4233 810 4276 ex
867 4215 1132 4277 omnium
1189 4218 1456 4279 codicum
1529 4217 2067 4279 ecclesiasticorum
2132 4216 2408 4277 dissensu
2469 4215 2691 4277 sensim
2752 4216 2832 4277 ad

603 4331 959 4374 consensum
1016 4322 1078 4375 et
1121 4333 1197 4375 ex
1239 4314 1354 4377 hoc
1406 4334 1699 4377 consensu
1752 4318 1991 4377 demum
2034 4314 2112 4374 ad
2154 4312 2589 4393 primigeniam,
2649 4330 2831 4392 quam

603 4411 765 4491 apud
808 4411 1062 4473 Iudaeos
1123 4431 1335 4493 graece
1393 4413 1707 4493 loquentes
1758 4411 2019 4491 optinuit
2073 4412 2327 4472 formam
2380 4410 2488 4471 illa
2528 4410 2829 4488 interpre-
