3169 4941
552 424 620 479 74
1485 429 1715 488 Genesis
1750 429 1837 485 20.

551 609 660 656 σεν
711 585 1055 676 Ἀβιμέλεχ
1145 591 1258 660 τὸν
1322 584 1623 681 Ἀβραὰμ
1714 592 1826 660 καὶ
1894 586 2082 662 εἶπεν
2168 591 2343 683 αὐτῷ
2428 592 2510 663 Τί
2580 598 2771 664 τοῦτο
2808 620 2835 666 1

549 690 869 781 ἐποίησας
917 693 1108 784 ἡμῖν,·
1173 695 1328 786 μήτι
1382 692 1751 786 ἡμάρτομεν
1808 695 1901 778 εἷς
1965 698 2069 782 σε’,
2146 697 2251 766 ὅτι
2306 695 2625 789 ἐπήγαγες
2666 699 2773 766 ἐπ’

549 798 663 884 ἐμὲ
697 798 806 866 καὶ
861 797 980 866 ἐπὶ
1025 800 1138 890 τὴν
1191 798 1537 930 βασιλείανΙ
1565 826 1691 887 μου
1746 799 2067 890 ἁμαρτίαν
2117 798 2395 893 μεγάλην
2408 834 2429 887 ,·
2480 800 2691 893 ἔργον,
2738 798 2775 871 ὃ

549 895 762 982 οὐδεὶς
829 901 1124 992 ποιήσει,
1207 902 1574 995 πεποίηκάς
1632 932 1759 992 μοι.
1870 901 2091 974 1θεῖπε
2148 906 2223 975 δὲ
2278 899 2622 994 Ἀβιμέλεχ
2678 914 2771 997 τῷ

547 1004 848 1133 Ἀνβραὰμ
894 1004 984 1074 Τί
1021 1007 1311 1075 ἐνιδών’
1277 1008 1598 1099 εποίησας
1625 1016 1859 1078 τοῦτο·
1836 1064 1853 1095 ,
1912 1005 2133 1079 ndns
2162 1011 2235 1080 δε
2255 1005 2560 1100 Λβραάμ
2587 1005 2670 1078 E*
2671 1036 2772 1078 πα
2804 1036 2837 1083 5

548 1107 669 1199 γάρ
707 1108 874 1200 ’Λρα
935 1104 1048 1180 οὐκ
1091 1111 1233 1181 ἐστι
1281 1113 1635 1201 θεοσέβεια
1676 1114 1745 1181 ἐν
1805 1122 1899 1205 τῷ
1958 1115 2149 1205 τόπῳ
2206 1116 2417 1204 τούτῳ
2435 1170 2451 1200 ,
2529 1114 2645 1200 ἐμέ
2698 1140 2771 1181 τε

547 1213 1013 1285 ἀποκτενοῦσιν
1069 1216 1281 1285 ἕνεκεν
1341 1226 1456 1307 τῆς
1508 1219 1804 1306 γυναικός
1856 1224 2157 1348 pco'v.1²
2170 1246 2280 1288 και
2330 1219 2451 1309 γὰρ
2504 1213 2773 1309 αληθῶς

550 1315 796 1410 ἀδελφή
837 1346 964 1406 μου
1003 1320 1182 1389 ἐστὶν
1236 1321 1310 1389 ἐκ
1363 1319 1639 1413 πατρός,
1699 1321 1836 1392 ἀλλ’
1884 1322 1996 1391 οὐκ
2052 1324 2127 1391 ἐκ
2168 1324 2441 1414 μητρός·
2496 1322 2771 1413 ἐγενήθη

549 1424 622 1491 δὲ
669 1424 785 1509 μοὶ
828 1422 923 1504 εἷς
965 1430 1252 1511 γυναῖκα.
1330 1426 1653 1513 13ἐγένετο
1710 1428 1783 1495 δὲ
1833 1426 2023 1518 ἡνίκα
2078 1425 2341 1519 ἐξήγαγέ
2392 1453 2475 1513 με
2530 1426 2567 1495 ὁ
2610 1427 2773 1505 θεὸς

551 1526 625 1596 ἐκ
666 1532 784 1595 τοῦ
835 1524 1019 1597 οἴκου
1078 1537 1194 1598 τοῦ
1239 1528 1496 1620 πατρός
1550 1557 1705 1618 μου,
1759 1533 1871 1601 καὶ
1923 1526 2086 1601 εἶπα
2142 1526 2303 1624 αὐτῇ
2364 1528 2618 1621 Ταύτην
2659 1531 2774 1619 τὴν
2812 1550 2878 1597 10

549 1631 960 1723 δικαιοσύνην
997 1630 1299 1725 ποιήσεις
1338 1634 1434 1716 εἰς
1476 1634 1609 1722 ἐμέ,
1655 1634 1750 1717 εἷς
1788 1633 2008 1705 πάντα
2047 1636 2276 1721 τόπον,
2318 1630 2394 1704 οὗ
2424 1635 2536 1704 ἐὰν
2563 1632 2774 1703 εἰσέλ-

550 1742 778 1822 θωμεν
823 1736 984 1822 ἐκεῖ,
1045 1736 1237 1807 εἰπὸν
1281 1740 1398 1826 ἐμὲ
1441 1736 1544 1809 ὅτι
1570 1733 1892 1828 Ἀδελφός
1945 1766 2070 1828 μου
2114 1739 2303 1809 ἐστίν.
2398 1736 2662 1825 Μέλαβε
2700 1738 2775 1805 δὲ

499 1924 502 1929 ¹
566 1833 894 1926 ’ίβιμέλεχ
926 1840 1104 1926 χίλια
1148 1842 1467 1933 δίδραγμα
1509 1844 1619 1913 καὶ
1658 1841 1965 1936 ’πρόβατα
2006 1845 2118 1914 καὶ
2146 1844 2427 1931 μόσχους
2462 1843 2575 1911 καὶ
2604 1846 2774 1910 παῖ-

431 1994 446 2005 .
549 1948 672 2027 δας
722 1944 832 2013 καὶ
891 1944 1279 2032 παιδίσκας,
1341 1948 1454 2016 καὶ
1512 1945 1715 2017 ἔδωκε
1765 1952 1859 2038 τῷ
1894 1942 2193 2039 Ἀβραάμ
2210 1973 2225 1988 ·
2278 1948 2391 2016 καὶ
2430 1942 2775 2015 ἀπέδωκεν

551 2048 722 2139 αὐτῷ
766 2049 1015 2139 Σάρραν
1057 2052 1172 2141 τὴν
1216 2057 1479 2139 γυναῖκα
1523 2050 1736 2121 αὐτοῦ.
1822 2058 1880 2096 ¹⁵
1896 2079 2005 2121 και
2058 2047 2245 2120 εἶπεν
2279 2046 2624 2139 Λβιμέλεχ
2674 2055 2775 2139 τῷ
2814 2069 2876 2115 15

550 2146 852 2243 Λβραὰμ
900 2152 1062 2222 Ἰδοὺ
1121 2152 1160 2245 ἡ
1224 2160 1302 2246 γῆ
1355 2182 1479 2242 μου
1537 2153 1827 2224 ἐναντίον
1878 2150 2171 2225 σου·οὗ
2222 2154 2297 2224 άν
2352 2179 2460 2224 σοι
2512 2150 2771 2245 ἀρέσκῃ,

551 2254 856 2326 κατοίκει.
941 2264 1090 2351 16τῇ
1128 2260 1202 2329 δὲ
1244 2260 1460 2351 Σάρρᾳ
1500 2254 1685 2329 εἶπεν
1726 2258 1885 2329 Ἰδοὺ
1926 2261 2180 2329 δέδωκα
2219 2259 2397 2345 χίλια
2450 2258 2775 2348 δίδραγμα

549 2366 643 2450 τῷ
685 2359 946 2453 ἀδελφῷ
989 2386 1143 2432 σου·
1207 2370 1414 2432 ταῦτα
1471 2362 1659 2433 ἐσται
1712 2388 1821 2433 σοι
1876 2363 1971 2445 εἷς
2026 2366 2219 2455 τιμὴν
2250 2370 2369 2433 τοῦ
2405 2360 2773 2455 προσώπου

553 2489 670 2535 σου
710 2467 824 2536 καὶ
868 2467 1122 2551 πάσαις
1157 2474 1304 2550 ταῖς
1331 2470 1495 2556 μετὰ
1524 2473 1671 2554 σοῦ,
1714 2469 1826 2538 καὶ
1855 2468 2073 2538 πάντα
2094 2463 2475 2560 αλήθευσον.
2534 2475 2772 2556 1’Ἀτρο-

554 2573 826 2664 σηύξατο
877 2573 950 2641 δὲ
986 2572 1291 2663 Ἀβραὰμ
1335 2574 1504 2665 πρὸς
1546 2575 1661 2643 τὸν
1706 2570 1867 2642 θεόν
1877 2628 1893 2658 ,
1942 2574 2052 2642 καὶ
2096 2569 2327 2642 ἰάσατο
2375 2571 2411 2642 ὃ
2457 2573 2621 2653 θεὸς
2665 2572 2775 2640 τὸν
2808 2594 2871 2640 20

694 2812 784 2883 1f2
821 2812 1063 2882 „Aquila
1101 2832 1154 2866 τι
1189 2812 1334 2873 ειδες
1367 2831 1452 2865 οτι
1492 2828 1762 2879 εποιησας
1799 2827 1869 2866 συ
1902 2833 1966 2866 το
2006 2833 2156 2885 ρημα
2192 2831 2358 2867 τουτο
2370 2835 2389 2879 ‚-
2424 2811 2775 2882 Symmachus

553 2921 606 2955 n
644 2901 788 2954 ιδων
823 2915 1092 2967 εποιησας
1128 2919 1190 2952 το
1228 2917 1463 2971 πραγμα
1497 2918 1663 2952 τουτο
1679 2922 1697 2963 ‚-
1754 2899 2047 2954 Theodotio
2084 2919 2138 2952 τι
2176 2916 2414 2973 εωρακας
2454 2919 2541 2953 οτι
2578 2917 2772 2966 εποιη-

555 3001 656 3046 σας
687 3005 785 3040 τον
821 2989 994 3054 λογον
1029 3004 1233 3038 τουτον
1245 2989 1310 3050 ,·“
1345 2985 1380 3040 b
1409 2987 1418 3054 Ι
1450 2982 1484 3038 2
1518 3004 1657 3057 ημιν
1689 2985 2052 3057 AEabmrtyz,
2092 3007 2199 3058 μοι
2237 3002 2266 3039 o
2296 2985 2305 3055 Ι
2336 2987 2371 3038 2
2408 3004 2657 3057 ημαρτον
2692 3003 2721 3039 ο
2761 2985 2769 3056 Ι

551 3073 588 3127 2
626 3090 902 3142 επηγαγες
934 3070 1265 3135 AEabmrtz‚
1307 3085 1570 3139 εποιησας
1610 3089 1638 3127 c
1667 3074 1675 3141 Ι
1706 3073 1743 3127 4
1778 3080 1968 3132 ουθεις
2000 3089 2027 3127 c
2058 3074 2067 3140 Ι
2115 3073 2152 3126 4
2185 3087 2415 3138 ποιησει
2453 3070 2774 3134 AEabmstz,

552 3177 866 3225 πεποιηκεν
902 3175 929 3213 c
961 3160 969 3227 Ι
998 3159 1088 3227 4s5
1126 3144 1250 3212 ειπε
1287 3160 1352 3212 δε
1377 3163 1647 3230 αβιμελεχ
1681 3180 1755 3230 τῳ
1794 3168 2018 3235 αβρααμ
2041 3170 2109 3220 >
2136 3179 2163 3213 z
2194 3162 2203 3224 1
2234 3160 2270 3213 4
2309 3176 2466 3212 ειπεν
2499 3157 2735 3214 AEmrt1
2763 3158 2771 3230 Ι

553 3246 587 3300 5
627 3261 934 3311 πεποιηκας
962 3261 1018 3299 m
1048 3247 1057 3311 Ι
1089 3246 1121 3300 5
1159 3245 1344 3314 τουτο]
1379 3265 1442 3298 το
1467 3265 1619 3318 ρημα
1656 3264 1683 3300 1·
1712 3248 1721 3315 Ι
1754 3247 1789 3302 5
1825 3264 1982 3300 ειπεν
2004 3245 2244 3301 Amet1
2275 3247 2285 3312 Ι
2316 3247 2349 3300 6
2388 3265 2493 3318 αρα
2516 3244 2773 3309 AEbemt,

552 3349 776 3403 μηποτε
816 3347 907 3386 arz
959 3333 968 3400 Ι
1021 3333 1055 3387 6
1092 3347 1242 3388 εστιν
1277 3330 1460 3386 AErt¹
1504 3333 1512 3400 Ι
1559 3335 1593 3388 6
1630 3337 1796 3386 τοῦτο
1829 3349 1911 3386 mz
1968 3334 1976 3401 Ι
2032 3337 2065 3388 6
2098 3351 2157 3386 τε
2194 3331 2432 3396 Aaborz,
2470 3333 2535 3386 δε
2570 3332 2700 3386 Emt
2760 3331 2769 3402 Ι
2809 3358 2815 3363 ·

555 3419 586 3473 7
625 3421 847 3486 αληθως
879 3428 946 3478 >
985 3437 1012 3473 1·
1040 3418 1052 3487 Ι
1083 3421 1118 3475 8
1155 3436 1214 3472 εκ
1249 3419 1480 3472 alizerum
1513 3418 1563 3472 A
1600 3436 1655 3485 ε,
1704 3419 1800 3473 sed
1836 3419 2012 3488 prima
2047 3435 2213 3474 manu
2246 3438 2280 3472 κ
2310 3435 2473 3488 super
2502 3434 2720 3472 uersum
2760 3418 2794 3490 Ι-

550 3507 589 3560 9
624 3509 751 3574 post
781 3526 884 3578 μοι
923 3505 988 3571 -Ι-
1025 3524 1117 3558 και
1155 3521 1190 3559 a
1219 3506 1228 3574 Ι
1259 3507 1292 3558 9
1331 3506 1396 3558 δε
1432 3507 1667 3560 alterum
1701 3516 1770 3567 >
1805 3506 1849 3559 E
1881 3507 1889 3574 1
1920 3507 1954 3559 9
1994 3510 2265 3577 εξηγαγεν
2300 3505 2423 3561 AEr
2452 3507 2461 3575 Ι
2493 3507 2527 3562 9
2566 3527 2597 3559 ο
2622 3507 2769 3576 θεος]

555 3613 738 3667 κυριος
771 3610 802 3647 z
844 3591 854 3663 Ι
896 3594 965 3647 10
1003 3610 1168 3647 ειπον
1201 3611 1228 3646 z
1259 3592 1268 3662 Ι
1317 3593 1384 3648 11
1420 3609 1672 3660 ποιησεις
1708 3611 1786 3652 εις
1821 3592 1993 3657 bcmt,
2030 3608 2271 3660 ποιησον
2304 3611 2377 3646 επ
2409 3592 2484 3658 A,
2518 3610 2775 3662 ποιησεις

555 3698 628 3733 επ
667 3679 804 3733 Earz
860 3679 869 3748 Ι
927 3681 988 3736 11
1031 3697 1127 3732 εαν
1164 3678 1440 3744 AEabrtz,
1479 3698 1548 3732 αν
1588 3695 1641 3744 c,
1680 3690 1748 3739 >
1784 3697 1840 3732 m
1889 3681 1899 3747 Ι
1947 3680 2015 3734 12
2048 3697 2158 3733 εκει
2194 3695 2316 3733 cum
2354 3697 2517 3733 ειπον
2555 3680 2775 3734 coniun-

553 3766 638 3836 git
673 3783 706 3820 a
749 3766 756 3836 Ι
803 3765 871 3822 12
905 3783 1026 3818 ειπε
1059 3783 1086 3818 z
1119 3766 1127 3833 Ι
1161 3766 1228 3820 12
1267 3766 1388 3836 εμε]
1435 3783 1568 3839 περι
1609 3784 1748 3838 εμου
1783 3767 1865 3820 mt
1908 3765 1917 3834 Ι
1962 3766 2030 3821 12
2065 3785 2131 3819 ot
2167 3766 2212 3819 E
2250 3765 2376 3836 [sio]
2426 3765 2435 3834 Ι
2481 3765 2548 3819 12
2580 3769 2776 3834 ελαβεν

550 3851 736 3907 AErt¹
801 3853 812 3920 Ι
879 3853 946 3906 13
982 3852 1271 3926 διδραγμα
1311 3850 1458 3915 abst,
1519 3852 1807 3926 διδραχμα
1844 3851 2053 3907 AEcmz
2116 3853 2125 3921 Ι
2196 3853 2263 3906 13
2298 3872 2390 3904 και
2435 3851 2668 3921 primum
2701 3855 2772 3911 >

550 3939 787 3994 AEamrt
833 3938 842 4008 Ι
888 3938 954 3994 13
990 3957 1084 3991 και
1121 3929 1344 3992 tertium
1380 3948 1448 3997 >
1485 3939 1630 3992 amtz
1674 3939 1683 4008 Ι
1729 3940 1797 3994 14
1829 3941 2036 3993 εδωκεν
2070 3937 2249 3993 AErt¹
2294 3939 2301 4008 Ι
2346 3938 2415 3992 14
2450 3945 2637 4012 αβραμ
2672 3937 2719 3992 A
2760 3936 2769 4007 Ι

553 4027 622 4081 14
637 4029 764 4097 post
784 4043 891 4080 απε
915 4025 1064 4080 uocis
1090 4025 1380 4079 απεδωκεν
1399 4025 1531 4080 folia
1557 4026 1823 4095 quaedam
1842 4026 2040 4081 absunt
2072 4026 2138 4081 ab
2162 4027 2207 4080 Ε
2240 4026 2247 4096 Ι
2282 4027 2349 4081 15
2374 4028 2501 4096 post
2526 4043 2683 4079 ειπεν
2706 4027 2770 4092 -Ι-

545 4135 700 4169 αυτω
735 4131 766 4168 z
797 4112 804 4184 Ι
850 4113 1008 4182 l5l16
1041 4114 1308 4183 αβιμελεχ
1341 4131 1418 4182 τῳ
1457 4117 1681 4187 αβρααμ
1718 4122 1786 4172 >
1827 4131 1854 4165 z
1900 4115 1909 4180 Ι
1955 4115 2021 4168 16
2056 4133 2129 4183 γη
2167 4115 2303 4184 μου]
2343 4131 2484 4183 γυνη
2521 4126 2623 4166 σου
2659 4129 2717 4166 rz
2761 4113 2768 4178 Ι

551 4203 620 4257 16
655 4222 774 4272 μου
809 4210 878 4260 >
915 4217 948 4254 a
1008 4203 1017 4266 Ι
1092 4199 1158 4253 16
1209 4200 1336 4253 ante
1387 4188 1456 4252 οὗ
1491 4201 1556 4267 -Ι-
1606 4213 1755 4253 εστιν
1792 4217 1820 4252 z
1889 4202 1899 4268 Ι
1968 4200 2037 4255 16
2087 4217 2157 4252 αν
2201 4197 2326 4262 abr,
2388 4216 2485 4252 εαν
2532 4197 2769 4268 Aomtz}

553 4288 620 4340 16
657 4304 873 4361 αρεσκει
915 4305 944 4339 z
988 4286 996 4353 Ι
1056 4285 1122 4340 17
1161 4303 1394 4339 κατωκει
1430 4303 1459 4338 z
1489 4285 1498 4354 Ι
1543 4287 1612 4340 17
1646 4304 1711 4357 τῃ
1753 4285 1815 4338 δε
1848 4283 2102 4349 Aabmrt,
2140 4304 2235 4338 και
2270 4305 2337 4358 τῃ
2371 4303 2429 4350 e,
2467 4305 2563 4338 και
2592 4304 2657 4352 τη
2694 4302 2723 4337 z
2761 4283 2769 4354 Ι

555 4370 620 4424 17
653 4374 811 4438 χιλια
853 4372 1142 4444 διδραχμα
1179 4388 1338 4425 suum
1371 4387 1400 4424 ο
1435 4374 1564 4440 post
1598 4387 1699 4424 σου
1724 4371 1793 4426 18
1823 4373 1833 4436 Ι
1866 4372 1931 4426 17
1970 4371 2261 4445 διδραγμα
2298 4371 2443 4435 abrt,
2482 4371 2773 4444 διδραχμα

553 4456 716 4510 Acmz
763 4455 774 4526 Ι
824 4456 892 4510 18
929 4475 1098 4510 ταυτα
1139 4467 1208 4518 >
1243 4474 1299 4511 m
1344 4459 1354 4526 Ι
1404 4457 1472 4513 18
1510 4472 1647 4510 εστω
1681 4460 1709 4511 t
1738 4457 1747 4526 Ι
1780 4457 1847 4512 18
1888 4475 1979 4511 σοι
2018 4471 2175 4511 εσται
2212 4473 2243 4511 c
2283 4461 2292 4524 Ι
2342 4460 2411 4515 20
2446 4477 2540 4512 και
2578 4472 2773 4512 ιασατο
