3169 4941
580 455 652 513 52

581 625 686 692 hel
729 626 1036 692 uocabulo
1079 623 1402 690 deriuatur
1420 673 1435 702 ‚
1491 621 1839 706 principem
1888 622 2089 688 sonat.
2180 639 2400 686 sensus
2441 621 2659 705 itaque
2702 620 2813 685 hic
2850 618 2887 671 1

585 732 716 796 est:
761 748 886 795 non
923 729 1254 794 uocabitur
1297 745 1526 793 nomen
1567 728 1749 791 tuum
1794 725 2254 809 subplantator,
2297 726 2418 789 hoc
2468 726 2567 790 est
2594 723 2811 800 Iacob,

583 833 696 900 sed
739 832 1068 898 uocabitur
1107 850 1337 896 nomen
1383 833 1566 896 tuum
1612 830 1899 913 princeps
1948 848 2088 892 cum
2134 828 2249 892 deo
2269 877 2285 906 ‚
2329 829 2449 893 hoc
2492 831 2591 893 est
2632 829 2809 892 Isra-

580 937 703 1003 hel.
764 937 1075 1020 quomodo
1122 937 1288 1000 enim
1329 953 1444 1019 ego
1488 935 1776 1019 princeps
1826 951 1986 1012 sum,
2032 933 2121 998 sic
2166 935 2232 996 et
2263 934 2356 1011 tu,
2404 932 2509 1014 qui
2551 949 2809 996 mecum

581 1041 814 1106 luctari
860 1040 1150 1125 potuisti,
1212 1040 1500 1123 princeps
1544 1037 1891 1104 uocaberiS.
1994 1037 2048 1100 si
2094 1038 2308 1100 autem
2352 1055 2600 1100 mecum
2619 1085 2635 1114 ‚
2697 1035 2809 1118 qui
2842 1050 2881 1102 5

585 1143 738 1210 deus
777 1162 920 1209 sum
965 1143 1098 1208 siue
1143 1141 1408 1226 angelus
1455 1141 1776 1224 (quoniam
1819 1138 2111 1223 plerique.
2144 1139 2319 1204 uarie
2380 1139 2804 1223 interpretan-

580 1249 711 1331 tur)
768 1266 1050 1332 pugnare
1106 1246 1400 1331 potuisti,
1483 1247 1715 1330 quanto
1768 1245 1973 1329 magis
2037 1263 2181 1308 cum
2235 1243 2589 1308 hominibus
2606 1291 2621 1320 ‚
2682 1244 2805 1307 hoc

584 1354 684 1417 est
739 1371 886 1416 cum
927 1354 1126 1428 Esau,
1201 1367 1389 1432 quem
1445 1349 1783 1414 formidare
1838 1367 1964 1412 non
2020 1346 2226 1413 debes.
2343 1345 2502 1411 illud
2570 1349 2803 1424 autem,

587 1455 753 1539 quod
794 1455 861 1518 in
904 1453 1066 1519 libro
1097 1454 1423 1518 nominum
1459 1453 1912 1535 interpretatur
1942 1451 2185 1516 Israhel
2224 1449 2325 1515 uir
2362 1450 2583 1515 uidens
2618 1449 2804 1513 deum
2884 1474 2891 1479 ·

587 1560 720 1625 siue
778 1577 960 1624 mens
997 1557 1222 1622 uidens
1265 1555 1480 1634 deum,
1550 1557 1832 1621 omnium
1896 1573 2094 1638 paene
2138 1571 2426 1619 sermone
2484 1553 2801 1632 detritum,
2842 1567 2920 1621 10

585 1680 712 1727 11011
769 1663 906 1726 tam
959 1680 1108 1726 uere
1169 1679 1356 1743 quam
1416 1660 1727 1724 uiolenter
1779 1659 1936 1722 mihi
1993 1656 2479 1740 interpretatum
2532 1656 2804 1722 uidetur.

583 1766 688 1830 hic
733 1765 901 1830 enim
941 1763 1183 1830 Israhel
1231 1782 1342 1848 per
1385 1764 1502 1828 has
1545 1763 1763 1827 literas
1808 1761 2121 1837 scribitur,
2174 1760 2280 1825 iod
2333 1762 2430 1826 sin
2473 1779 2575 1825 res
2620 1761 2803 1843 aleph

583 1868 793 1934 lamed
814 1917 830 1945 ‚
899 1868 1064 1951 quod
1125 1867 1574 1949 interpretatur
1632 1865 1923 1950 princeps
1982 1864 2083 1929 dei
2156 1865 2291 1930 siue
2356 1865 2631 1930 directus
2686 1863 2804 1940 dei,

585 1973 703 2037 hoc
747 1973 846 2037 est
885 1965 1247 2046 ἐυθύτατος
1291 1973 1474 2034 θεοῦ.
1577 1970 1680 2033 uir
1722 1988 1873 2034 uero
1916 1969 2135 2033 uidens
2197 1969 2385 2033 deum
2445 1968 2545 2032 his
2602 1967 2804 2032 literis

585 2076 879 2142 scribitur
895 2123 910 2152 ‚
969 2076 1045 2139 ut
1095 2073 1195 2138 uir
1243 2094 1316 2138 ex
1360 2074 1560 2139 tribus
1614 2073 1817 2139 literis
1877 2071 2189 2138 scribatur
2205 2121 2219 2150 ‚
2282 2071 2464 2154 aleph
2524 2071 2630 2137 iod
2686 2070 2804 2148 sin,
2843 2085 2919 2140 15

583 2179 660 2244 ut
718 2178 964 2244 dicatur
1019 2183 1138 2255 eie,
1196 2177 1418 2243 uidens
1465 2196 1538 2242 ex
1598 2177 1834 2253 tribus,
1892 2195 1996 2242 res
2043 2176 2227 2259 aleph
2271 2176 2351 2240 he
2373 2225 2387 2254 ‚
2449 2177 2515 2241 et
2559 2174 2805 2240 dicatur

583 2287 752 2346 raka.
868 2299 1053 2364 porro
1121 2285 1179 2346 el
1237 2300 1310 2345 ex
1372 2280 1642 2357 1111611116,
1706 2279 1889 2363 aleph
1949 2279 2313 2356 6116111611,
2380 2281 2445 2344 et
2493 2278 2805 2361 interpre-

582 2387 756 2450 tetur
801 2384 955 2449 deus
1017 2385 1151 2448 siue
1209 2384 1410 2462 fortis.
1541 2383 1846 2465 quamuis:
1893 2375 2091 2465 igitur
2148 2380 2405 2466 grandis
2461 2382 2804 2446 auctorita-

581 2492 668 2555 tis
731 2490 861 2554 sint
924 2490 990 2553 et
1049 2487 1440 2572 eloquentiae
1492 2489 1773 2571 ipsorum
1832 2486 2057 2552 umbra
2110 2504 2224 2551 nos
2282 2486 2593 2570 opprimat
2608 2535 2623 2564 ‚
2696 2485 2805 2567 qui

582 2592 826 2659 Israhel
883 2593 1094 2657 uirum
1153 2592 1286 2657 siue
1356 2593 1636 2657 mentem
1690 2591 2015 2655 uidentem
2076 2588 2261 2655 deum
2318 2588 2805 2667 transtulerunt,
2838 2590 2916 2643 20

584 2715 698 2763 nos
743 2696 948 2780 magis
1013 2697 1356 2779 scripturae
1404 2697 1468 2760 et
1521 2696 1733 2778 angeli
1780 2694 1885 2759 uel
1946 2692 2075 2772 dei,
2135 2694 2243 2775 qui
2298 2693 2541 2759 Israhel
2596 2694 2805 2777 ipsum

583 2800 836 2865 uocauit
851 2848 866 2876 ‚
935 2799 1310 2865 auctoritate
1371 2798 1658 2863 ducimur
1672 2847 1689 2876 ‚
1754 2816 1943 2883 quam
2013 2796 2348 2869 cuiuslibet
2414 2795 2805 2880 eloquentiae

584 2903 942 2969 saecularis,

659 3061 673 3077 .
759 3006 926 3073 Illud
971 3024 1216 3089 quoque
1259 3004 1426 3088 quod
1472 3007 1695 3087 postea
1740 3004 2021 3090 sequitur
2066 3010 2125 3068 et
2177 3005 2479 3069 benedioeit
2521 2988 2665 3066 eum'
2698 3004 2804 3081 ibi,

585 3116 642 3175 et
681 3114 924 3173 uocauit
966 3111 1141 3173 Iacob
1195 3130 1406 3172 nomen
1444 3111 1566 3172 loci
1600 3110 1777 3172 illius
1814 3111 2029 3173 Facies
2066 3110 2196 3171 dei:
2252 3108 2392 3171 Ualdi
2430 3112 2585 3170 enim
2628 3108 2805 3169 deum
2840 3110 2917 3165 25

566 3214 739 3293 facie
769 3213 847 3275 ad
872 3212 1103 3293 faciem
1121 3260 1136 3289 ‚
1177 3217 1236 3276 et
1273 3215 1449 3276 salua
1469 3190 1650 3291 facte}
1690 3219 1777 3276 est
1820 3217 2022 3275 anima
2066 3233 2198 3275 mea
2236 3212 2304 3275 in
2328 3210 2613 3275 hebraeo
2647 3208 2803 3274 dici-

581 3318 689 3379 tur
733 3316 1007 3378 Fanuhel
1019 3364 1035 3391 ,
1109 3316 1184 3379 ut
1241 3316 1512 3381 sciamus
1559 3316 1767 3397 ipsum
1830 3334 1965 3381 esse
2024 3315 2230 3380 locum
2291 3314 2398 3397 qui
2451 3313 2519 3376 in
2578 3310 2805 3377 ceteris

583 3416 932 3500 scripturae
981 3420 1235 3483 sanctae
1276 3417 1702 3484 uoluminibus
1760 3420 1853 3484 ita
1870 3468 1885 3499 ‚
1944 3421 2020 3484 ut
2062 3419 2131 3482 in
2183 3417 2453 3483 hebraeo
2498 3417 2805 3499 scriptum

585 3523 714 3598 est,
778 3520 1064 3587 Fanuhel
1107 3521 1342 3606 legitur
1385 3523 1450 3587 in
1498 3541 1744 3607 graeco.

759 3627 844 3687 Et
884 3626 1100 3689 diuisit
1140 3648 1370 3709 pueros
1423 3648 1607 3711 super
1648 3628 1830 3691 Liam
1890 3632 1947 3689 et
2000 3648 2182 3709 super
2224 3628 2458 3689 Rachel
2510 3631 2567 3689 et
2622 3606 2807 3707 super
2840 3638 2920 3693 30

583 3728 738 3790 duas
777 3730 1033 3792 ancillas
1075 3734 1132 3792 et
1175 3735 1386 3813 posuit
1426 3733 1683 3794 ancillas
1720 3736 1776 3794 et
1828 3730 1991 3807 filios
2044 3750 2252 3793 earum
2308 3734 2565 3813 primae,
2618 3728 2805 3790 Idam

583 3850 728 3893 uero
782 3836 838 3894 et
900 3852 1124 3915 pueros
1177 3836 1563 3911 nouzrsimos,
1630 3837 1687 3895 et
1748 3833 1980 3897 Rachel
2046 3838 2103 3897 et
2158 3834 2371 3916 Ioseph
2432 3835 2808 3908 nouissimo&

584 3938 642 3997 et
681 3938 810 4017 ipse
862 3938 1146 3999 trans-tuit
1185 3941 1320 3999 ante
1363 3958 1478 4001 eos,
1583 3954 1710 4001 non
1729 3984 1745 4015 ‚
1803 3937 1877 4001 ut
1916 3936 2198 4020 plerique
2242 3933 2613 4012 aestimant,
2674 3936 2806 3999 tres

583 4036 826 4101 turmas
867 4036 1043 4116 fecit,
1115 4037 1226 4103 sed
1281 4037 1453 4105 duas.
1561 4037 1847 4124 deniq-ue,
1892 4040 2001 4106 ubi
2048 4058 2163 4105 nos
2208 4040 2511 4105 habemus
2571 4039 2807 4117 dium,

725 4169 794 4224 24
834 4171 944 4222 Gen
977 4170 1062 4234 32,
1099 4172 1170 4227 30
1205 4171 1272 4225 31
1305 4172 1314 4241 Ι
1345 4172 1416 4228 30
1448 4173 1558 4225 Gen
1589 4173 1677 4237 33,
1718 4174 1883 4227 1--3

729 4298 756 4351 1
792 4300 878 4349 hic
905 4292 985 4356 >
1018 4306 1055 4366 β
1085 4300 1092 4368 Ι
1123 4300 1160 4354 4
1197 4317 1294 4366 ego
1331 4308 1400 4358 >
1433 4308 1470 4368 β
1499 4303 1518 4371 ΙΔ
1541 4302 1610 4357 13
1646 4304 1711 4357 17
1747 4303 1943 4353 lamech
1977 4308 2053 4370 βγ
2092 4301 2101 4369 1
2144 4303 2211 4357 16
2249 4307 2349 4353 im't
2383 4309 2434 4354 et
2470 4303 2667 4353 dicatur
2702 4322 2748 4373 φ
2792 4302 2803 4373 Ι

585 4382 652 4435 16
683 4382 760 4467 eis
795 4386 910 4451 1³¹7,
946 4385 994 4433 is
1028 4386 1136 4455 ss²tp
1167 4384 1177 4453 Ι
1210 4386 1275 4439 17
1311 4402 1371 4435 ra
1407 4405 1453 4456 φ
1483 4386 1492 4455 Ι
1522 4387 1589 4441 21
1627 4388 1711 4439 1161
1748 4395 1815 4445 >
1846 4392 1919 4458 φι
1950 4387 1959 4455 Ι
1989 4388 2056 4441 27
2092 4386 2161 4441 29
2196 4388 2365 4440 fanuel
2399 4394 2481 4458 βφ
