3169 4941
2579 455 2610 509 ‘1

335 620 365 674 1
400 626 512 690 per
555 606 849 692 spiritum
888 606 1044 686 diei,
1088 627 1274 692 porro
1307 609 1696 675 Theodotion
1741 610 2140 678 manifestius
2182 608 2250 676 ἐν
2288 617 2384 700 τῷ
2426 609 2625 681 πνεύ-

397 733 557 792 ματι
589 707 757 797 πρὸς
793 705 1160 798 κατάψυξιν
1201 718 1318 800 τῆς
1344 708 1579 800 ἡμέρας
1594 765 1610 794 ,
1664 714 1737 780 ut
1780 713 2125 782 meridiano
2170 717 2379 786 calore
2422 722 2624 787 trans-

403 817 542 880 acto
591 813 987 899 refrigerium
1033 835 1221 882 aurae
1267 818 1563 900 spirantis
1612 818 1991 886 ostenderet.

576 919 773 1005 Super
809 925 1016 1005 peetus
1056 927 1230 985 tuum
1269 927 1326 986 et
1368 927 1636 986 uentrem
1673 927 1843 986 tuum
1884 926 2238 992 ambulabis.
2334 928 2625 994 uentrem

331 1027 366 1081 5
399 1024 568 1089 LXX
639 1024 1016 1122 interpretes
1089 1024 1494 1091 addiderunt:
1583 1027 1865 1092 ceterum
1927 1027 1993 1093 in
2061 1029 2331 1095 hebraeo
2401 1033 2623 1118 pectus

395 1129 647 1194 tantum
714 1128 937 1207 habet,
1016 1131 1090 1194 ut
1161 1129 1577 1196 calliditatem
1643 1132 1707 1196 et
1776 1131 2091 1197 uersutias
2163 1133 2623 1218 cogitationum

397 1233 533 1299 eius
589 1233 890 1316 aperiret:
956 1232 1121 1317 quod
1181 1252 1399 1300 omnes
1457 1253 1714 1320 gressus
1786 1235 1985 1318 ipsius
2041 1236 2358 1322 nequitiae
2413 1241 2625 1307 essent

399 1339 464 1402 et
509 1336 764 1404 fraudis.

569 1441 692 1507 Sed
729 1443 795 1507 et
835 1439 933 1520 id,
980 1441 1146 1527 quod
1189 1441 1498 1525 sequitur,
1553 1449 1783 1508 terram
1825 1445 2239 1525 manducabis,
2293 1463 2405 1532 pro
2450 1448 2623 1515 terra

296 1557 366 1611 10
399 1545 537 1626 afar
593 1545 894 1630 scriptum
954 1547 1085 1624 est,
1159 1545 1321 1628 quod
1392 1565 1506 1612 nos
1559 1547 1851 1614 fauillam
1897 1566 2231 1634 possumus
2288 1551 2497 1618 dicere
2557 1553 2623 1618 et

397 1649 741 1734 puluerem.

572 1757 708 1840 Ipse
745 1757 1010 1818 seruabit
1053 1761 1232 1839 caput
1270 1761 1442 1820 tuum
1456 1805 1474 1834 ,
1532 1762 1591 1819 et
1634 1761 1701 1820 tu
1750 1760 2023 1821 seruabis
2079 1762 2211 1822 eius
2262 1736 2621 1825 calcaneum.

400 1857 628 1923 melius
663 1858 858 1924 habet
898 1858 965 1924 in
1020 1859 1292 1924 hebraeo
1341 1864 1470 1944 ipse
1508 1866 1765 1924 conteret
1806 1866 1985 1949 caput
2026 1867 2223 1941 tuum,
2280 1870 2338 1928 et
2378 1870 2447 1928 tu
2491 1887 2621 1929 con·
2697 1880 2704 1886 ·

397 1967 552 2026 teres
603 1966 734 2026 eius
791 1966 1133 2026 calcaneum
1154 2014 1170 2041 ,
1238 1963 1386 2046 quia
1439 1964 1503 2028 et
1557 1963 1761 2028 nostri
1819 1983 2074 2047 gressus
2132 1966 2620 2050 praepediuntur

295 2079 364 2135 15
400 2085 438 2131 a
507 2065 762 2131 colubro
823 2068 888 2131 et
947 2069 1224 2131 dominus
1283 2072 1538 2132 conteret
1596 2074 1853 2132 satanan·
1907 2072 2017 2133 sub
2071 2071 2333 2154 pedibus
2399 2077 2622 2136 uostris

400 2173 703 2235 uelociter.

571 2277 1015 2360 Multiplioans·
1052 2278 1462 2360 multiplicabo
1507 2280 1789 2340 tristitias
1846 2283 1983 2340 tuas
2037 2283 2095 2341 et
2149 2284 2411 2361 gemitus
2466 2286 2619 2344 tuos.

393 2397 507 2462 pro
552 2378 817 2445 tristitia
862 2382 927 2446 et
972 2381 1212 2464 gemitu
1255 2379 1323 2444 in
1366 2380 1635 2446 hebraeo
1681 2383 1917 2446 dolores
1946 2389 2003 2446 et
2033 2388 2342 2466 eoneeptus
2369 2384 2581 2450 habet.

568 2488 652 2549 Et
719 2487 798 2549 ad
853 2492 1060 2551 uirum
1127 2490 1434 2549 oonuersio
1501 2491 1624 2551 tua.
1740 2505 1854 2568 pro
1918 2486 2327 2552 conuersione
2385 2486 2621 2573 Aquila

292 2600 364 2655 20
397 2588 780 2666 societatem,
825 2588 1239 2673 Symmachus
1272 2588 1624 2672 appetitum
1656 2588 1759 2654 uel
1789 2588 2094 2673 impetum
2136 2591 2617 2655 transtulerunt.

571 2695 902 2758 Maledicta
952 2700 1120 2757 terra
1171 2700 1238 2757 in
1295 2696 1578 2777 operibus
1634 2698 1776 2757 tuis.
1880 2711 2067 2777 opera
2122 2694 2227 2758 hic
2281 2714 2408 2759 non
2454 2694 2618 2761 ruris

397 2796 673 2875 colendi,
730 2798 804 2863 ut
845 2797 1127 2882 plerique
1171 2799 1432 2881 putant,
1495 2796 1607 2862 sed
1661 2798 1921 2879 peccata
1968 2797 2361 2882 significant,
2423 2799 2497 2863 ut
2551 2798 2618 2862 in

394 2901 664 2967 hebraeo
721 2901 934 2967 habet.
1061 2902 1126 2966 et
1183 2899 1417 2984 Aquila
1463 2919 1589 2966 non
1655 2900 1972 2966 discordat
2021 2901 2232 2966 dicens
2299 2903 2619 2967 maledieta

395 3009 616 3069 humus
658 3011 912 3091 propter
954 3009 1040 3085 te,
1105 3006 1173 3069 et
1216 3004 1609 3070 Theodotion
1636 3018 1645 3026 ¹
1668 3007 1987 3069 maledicta
2043 3007 2259 3070 adama
2310 3010 2376 3069 iu
2428 3009 2617 3069 trans·

292 3120 364 3175 25
390 3114 696 3191 gressione
732 3116 856 3175 tua.

569 3214 651 3277 Et
707 3217 952 3277 uocauit
991 3212 1194 3276 Adam
1247 3235 1457 3277 nomen
1513 3217 1729 3277 uxoris
1787 3235 1933 3277 suae
1995 3218 2189 3277 uitam
2204 3263 2221 3291 ‚
2282 3216 2425 3296 quia
2483 3218 2619 3297 ipsa

396 3321 482 3379 est
519 3322 711 3381 mater
753 3321 1017 3381 omnium
1061 3321 1416 3380 uiuentium.
1517 3335 1710 3399 quare
1755 3318 1892 3381 Eua
1945 3316 2080 3381 uita
2140 3315 2224 3381 sit
2281 3316 2616 3402 appellata,

398 3420 788 3486 demonstrat
851 3437 957 3495 60,
1035 3418 1199 3503 quod
1255 3420 1341 3484 sit
1398 3421 1605 3484 mater
1654 3420 1934 3485 omnium
1990 3419 2367 3486 uiuentium.
2478 3422 2618 3487 Eua

397 3522 624 3606 quippe
666 3523 1044 3587 transfertur
1087 3523 1153 3587 in
1197 3523 1417 3587 uitam.

293 3628 364 3703 ἑο
540 3628 655 3690 ‘Et
707 3631 876 3691 eiecit
929 3626 1132 3690 Adam
1189 3631 1246 3690 et
1304 3628 1576 3691 habitare
1628 3626 1789 3707 fecit
1846 3630 2049 3689 contra
2106 3625 2460 3709 paradisum
2515 3648 2618 3691 uo·-

396 3731 667 3814 luptatis.
764 3734 822 3793 et
869 3733 1082 3793 statuit
1135 3732 1419 3793 cherubin
1469 3734 1526 3793 et
1568 3728 1927 3811 flammeam
1988 3732 2371 3813 romphaeam
2385 3779 2403 3807 ,
2466 3750 2619 3813 quae

396 3837 658 3897 uertitur
695 3835 775 3897 ad
823 3834 1266 3898 custodiendam
1309 3836 1477 3897 uiam
1522 3834 1682 3916 liyni
1732 3837 1912 3896 uitae.
2017 3831 2179 3897 alius
2219 3831 2423 3897 multo
2470 3849 2615 3898 sen-

531 3928 806 4059 ·4Gen3,
849 3996 917 4051 14
980 3996 988 4065 1
1055 3995 1440 4059 9666614
1507 3994 1516 4061 1
1588 3995 1873 4057 126663,
1914 3994 1981 4048 15
2036 3993 2045 4061 1
2097 3994 2451 4059 1511611116,
2468 3993 2611 4077 201

399 4082 465 4137 17
493 4084 663 4145 eene,
681 4083 1082 4152 1efl1ee0n3,
1097 4082 1304 4151 16121
1344 4080 1786 4150 een3,17126
1825 4082 1934 4132 een
1972 4080 2024 4143 3,
2064 4079 2273 4149 20160
2315 4061 2510 4147 eene,
2547 4081 2617 4136 24

537 4213 572 4267 2
593 4218 686 4278 τῆς
710 4220 778 4271 >
802 4231 840 4282 y
871 4214 880 4283 Ι
913 4216 944 4268 7
982 4215 1180 4265 01111116.
1227 4218 1488 4283 ..666611φ
1519 4211 1528 4279 Ι
1563 4212 1718 4279 10111
1735 4228 2004 4278 possumus
2021 4216 2071 4263 et
2094 4212 2357 4277 puluerem
2371 4210 2609 4283 dicer-etp!

397 4300 468 4357 22
500 4299 754 4366 significat
785 4318 877 4369 μφ
906 4298 916 4369 Ι
947 4300 1015 4357 27
1053 4317 1148 4353 ena
1180 4300 1236 4352 id
1277 4304 1357 4352 est
1389 4300 1500 4352 uita
1535 4319 1582 4371 φ
1623 4297 1632 4367 Ι
1677 4298 1746 4354 28
1778 4315 1839 4351 60
1873 4307 1944 4358 >
1980 4316 2027 4369 φ
2068 4297 2077 4366 Ι
2121 4298 2187 4353 29
2226 4297 2613 4354 transfertur—in

269 4464 278 4469 ·
397 4387 557 4439 uitam
589 4391 717 4458 βμφ
730 4423 745 4449 ,
790 4386 901 4438 uita
932 4388 1298 4455 interpretatur
1335 4404 1374 4455 y
