3169 4941
593 1482 662 1541 In
713 1482 910 1542 codice
970 1482 1283 1543 colbertino
1345 1482 1469 1543 659
1488 1528 1504 1557 ,
1577 1484 1675 1557 qui
1734 1501 1884 1543 nunc
1956 1488 2047 1541 est
2102 1484 2296 1557 regius
2354 1499 2595 1557 graecus
2642 1483 2681 1541 5
2743 1488 2807 1541 et

593 1586 744 1661 apud
771 1588 1123 1647 Holmesium
1165 1605 1402 1647 numero
1435 1588 1517 1647 54
1560 1594 1809 1663 notatur,
1854 1590 2144 1647 inuenitur
2186 1591 2442 1663 synopsis
2484 1590 2803 1661 scripturae

592 1708 795 1751 sacrae
812 1738 828 1767 ‚
875 1710 910 1751 e
952 1710 1066 1767 qua
1109 1694 1417 1753 stichorum
1458 1710 1726 1752 numeros
1769 1694 1940 1753 hosce
1986 1695 2247 1767 excerpsi

765 1809 1009 1869 Genesis
1065 1829 1179 1871 non
1223 1812 1587 1870 nominantur
1602 1857 1615 1869 .
1674 1827 1875 1870 manus
1932 1813 2221 1870 recentior
2279 1812 2340 1871 in
2396 1810 2509 1869 fine
2556 1809 2795 1870 Genesis

852 1914 931 1975 fol
964 1917 1045 1976 95
1063 1911 1090 1943 ι’
1134 1914 1438 1989 adscripsit
1481 1932 1613 1973 esse
1661 1917 1848 1975 4400.
1936 1912 2321 1993 [Nicephorus
2366 1912 2568 1993 4300]

764 2019 952 2079 Exodi
998 2023 1167 2081 3400
1253 2018 1637 2099 [Nicephorus
1684 2018 1884 2099 2800]

765 2124 1014 2183 Leuitici
1061 2126 1230 2185 2700
1322 2121 1415 2202 [ut
1455 2122 1839 2213 Nicephorus]

767 2229 1147 2288 Numerorum
1192 2229 1360 2289 3535
1450 2225 1835 2306 [Nicephorus
1880 2227 2081 2308 3530]

768 2332 1202 2393 Deuteronomii
1247 2334 1418 2395 3100
1505 2331 1599 2412 [ut
1639 2332 2023 2413 Nicephorus]

767 2438 934 2498 Iosue
981 2439 1151 2499 2100
1238 2434 1332 2517 [ut
1381 2436 1764 2518 Nicephorus]

770 2542 1026 2602 Indicum
1073 2544 1241 2603 2156

766 2645 922 2705 Ruth
966 2649 1094 2706 300

767 2749 992 2826 Regum
1039 2771 1079 2808 α
1122 2755 1259 2826 quot
1317 2753 1450 2838 sint⁵
1488 2749 1605 2808 dici
1662 2766 1778 2809 non
1834 2754 2025 2823 potest
2038 2795 2054 2826 ,
2113 2768 2284 2825 quum
2340 2750 2536 2811 folium
2594 2749 2806 2810 codicis

856 2872 1029 2914 unum
1071 2856 1180 2915 hoc
1222 2856 1348 2915 loco
1389 2855 1633 2930 perierit
1649 2899 1663 2912 .

766 2959 991 3034 Regum
1033 2960 1079 3034 β
1124 2962 1292 3020 2243
1368 2957 1621 3038 [Regum
1683 2958 1767 3030 αβ
1828 2947 1981 3035 ὁμοῦ
2039 2961 2211 3018 4240
2270 2960 2579 3020 secundum
2633 2960 2806 3019 Nice-

855 3062 1122 3143 phorum]

769 3175 993 3249 Regum
1048 3196 1084 3255 y
1130 3179 1300 3238 2400
1362 3151 1396 3353 }
1471 3171 1723 3251 [Regum
1754 3171 1831 3252 γδ
1860 3164 2015 3248 ὁμοῦ
2047 3177 2216 3237 2203
2260 3177 2357 3237 uel
2390 3178 2559 3237 2200
2604 3193 2807 3236 secun-

771 3278 995 3354 Regum
1043 3277 1082 3337 δ
1128 3283 1298 3342 2600
1556 3280 1691 3339 dum
1733 3279 2116 3353 Nicephorum
2132 3277 2175 3358 1]

1363 2523 1397 2725 }
1459 2584 1645 2673 [ὁμοῦ
1694 2595 1863 2654 2050
1908 2594 2217 2654 secundum
2267 2594 2675 2675 Nicephorum]

769 3390 1245 3466 Paralipomenon
1291 3413 1332 3450 α
1378 3393 1548 3452 2000

768 3496 1245 3570 Paralipomenon
1287 3497 1333 3571 β
1378 3497 1548 3560 3000

768 3607 995 3668 Esdrae
1027 3628 1067 3664 α
1116 3609 1283 3667 1300
1358 3585 1393 3787 }
1468 3598 1623 3683 ὁμοῦ
1680 3602 1814 3667 (mm
1876 3604 1969 3689 ’,γ-ρ
2023 3603 2363 3685 [secundum
2421 3606 2807 3683 Nicephorum

767 3710 993 3770 Esdme
1022 3713 1068 3787 β
1116 3713 1284 3772 1800
1558 3707 1787 3788 55001]
2410 3691 2431 3706 ‘'

767 3814 1038 3874 Psalterii
1085 3816 1254 3875 5100
1342 3812 1436 3893 [ut
1475 3811 1859 3892 Nicephorus]
2196 3853 2209 3864 -

768 3919 1208 3979 Prouerbiorum
1256 3922 1333 3979 17
1341 3919 1424 3978 50
1513 3916 1716 3997 [1700
1760 3917 2069 3977 secundum
2110 3907 2523 3996 Nicephorum]

768 4023 1160 4084 Ecclesiastae
1208 4027 1244 4088 7
1252 4024 1334 4083 50
1421 4020 1529 4104 [ζφ
1577 4023 1888 4083 secundum
1930 4023 2313 4098 Nicephorum
2358 4023 2601 4098 editum,
2656 4022 2806 4097 quod

855 4129 998 4187 nihil
1041 4125 1158 4206 est]

771 4231 996 4293 Cantici
1042 4234 1165 4292 286
1212 4229 1370 4310 [280
1414 4232 1725 4292 secundum
1768 4229 2179 4310 Nicephorum]

768 4335 901 4395 Iob:
977 4330 1093 4414 {figet
1153 4332 1221 4394 δὲ
1276 4330 1346 4394 τὸ
1392 4334 1637 4411 βιβλίον
1705 4333 1949 4413 στίχους
2008 4335 2107 4420 ’,ἆ-χ
2156 4334 2351 4415 χωρὶς
2407 4329 2799 4415 ἀστερίσκων,

854 4433 1011 4514 μετὰ
1052 4435 1121 4497 δὲ
1165 4434 1539 4518 ἀστερίσκων
1584 4441 1677 4525 fig
1722 4437 1923 4518 [1800
1966 4441 2276 4502 secundum
2319 4437 2729 4520 Nicephorum]

1599 3371 1632 3573 ἒ
1688 3439 1890 3521 [5500
1935 3443 2243 3502 secundum
2284 3440 2697 3520 Nicephorum]
