3169 4941
1314 415 1542 475 Genesis
1578 418 1666 473 17.
2531 417 2600 472 59

307 601 333 648 1
374 578 613 646 ἐθνῶν.
708 578 857 646 ⁵nal
900 577 975 647 οὗ
1012 572 1415 668 κληθήσεται
1454 574 1555 646 ἔτι
1599 576 1676 645 τὸ
1719 571 1928 661 ὄνομα
1973 598 2092 645 σου
2129 571 2390 667 Ἄβραμ
2403 629 2420 660 ,
2466 572 2597 644 ἀλλ’

374 679 563 755 ἔσται
618 681 697 750 τὸ
735 677 957 781 Quoi
1018 703 1137 750 σου
1186 678 1551 772 Ἀβραάμκ
1591 678 1730 750 ὅτι
1753 679 2012 770 πατέρα
2057 681 2320 748 πολλῶν
2381 678 2602 748 ἐθνῶν

373 784 647 854 τέθεικά
690 809 780 854 σε.
876 785 1024 854 6καὶ
1066 780 1317 868 αὖξανῶ
1362 807 1438 853 σε
1482 779 1741 875 σφόδρα
1785 779 2072 875 σφόδρα,
2131 783 2242 851 aaz
2285 778 2480 874 θήσω
2521 805 2600 881 σε

374 885 470 968 εἷς
524 886 691 979 ἔθνη
706 939 725 976 ,
804 887 919 957 καὶ
973 891 1269 975 βασιλεῖς
1314 887 1393 956 ἐκ
1452 894 1571 957 σοῦ
1629 883 2088 991 ἐξελεύσονται.
2188 892 2212 930 ⁷
2226 880 2341 955 καὶ
2383 877 2598 976 στήσω

303 1014 339 1064 5
372 992 489 1081 τὴν
532 991 855 1084 διαθήκην
894 1017 1021 1078 μου
1062 989 1185 1060 ἀνὰ
1222 991 1421 1078 μέσον
1456 999 1573 1061 σοῦ
1617 991 1732 1060 καὶ
1777 987 1898 1059 ἆνὰ
1930 989 2130 1077 μέσον
2155 994 2272 1058 τοῦ
2297 989 2598 1118 σπέρμα-

372 1092 487 1176 τός
529 1118 647 1164 σου
682 1098 852 1181 μετὰ
892 1097 969 1166 σὲ
1012 1095 1110 1177 εἷς
1149 1097 1267 1176 τὰς
1310 1095 1531 1184 γενεὰς
1558 1089 1800 1182 αἰτῶν,
1845 1094 1944 1175 εἰς
1969 1089 2296 1185 διαθήκην
2331 1091 2596 1162 αἶωνιον

372 1191 539 1268 εἶναι
581 1205 695 1269 σοῦ
735 1195 902 1282 θεὸς
940 1227 1056 1269 και
1094 1204 1213 1268 τοῦ
1251 1195 1632 1289 σπέρματός
1675 1221 1794 1268 σου
1835 1199 2000 1286 μετὰ
2035 1199 2131 1268 σέ.
2228 1197 2378 1266 8καὶ
2407 1195 2597 1264 δώσω

374 1304 483 1372 σοὶ
547 1306 657 1373 καὶ
714 1311 809 1395 τῷ
871 1303 1205 1395 σπέρματί
1258 1326 1375 1372 σου
1432 1305 1600 1390 μετὰ
1643 1304 1718 1373 σὲ
1759 1305 1876 1395 τὴν
1919 1308 2034 1394 γῆν
2048 1357 2066 1388 ,
2111 1297 2186 1392 ἣν
2237 1307 2595 1391 παροικεῖς,

376 1414 599 1476 πᾶσαν
641 1409 757 1500 τὴν
799 1412 911 1500 γῆν
952 1405 1239 1494 Χαναάν,
1288 1407 1385 1490 εἷς
1423 1404 1810 1493 κατάσχεσιν
1848 1404 2111 1476 αἰώνιον
2125 1431 2139 1447 ·
2206 1407 2320 1475 καὶ
2361 1402 2600 1491 ἔσομαι

270 1527 341 1575 10
375 1504 598 1592 αὐτοῖς
656 1511 753 1594 εἰς
804 1509 986 1582 θεόν.
1078 1513 1231 1580 θκαὶ
1286 1506 1473 1581 ἐἶπεν
1534 1511 1571 1582 ὃ
1611 1513 1774 1593 θεὸς
1829 1511 2002 1602 πρὸς
2047 1508 2350 1602 Ἀβραὰμ
2389 1509 2478 1576 Σὺ
2524 1509 2598 1578 δὲ

372 1618 489 1707 τὴν
532 1613 857 1708 διαθήκην
899 1643 1025 1703 μου
1067 1613 1477 1707 διατηρήσεις
1492 1670 1509 1701 ,
1574 1616 1654 1684 σὺ
1695 1616 1810 1684 καὶ
1845 1615 1923 1684 τὸ
1967 1615 2234 1701 σπέρμα
2279 1635 2396 1682 σου
2437 1611 2600 1698 μετὰ

374 1720 453 1790 σὲ
492 1719 590 1802 εἷς
621 1721 744 1802 τὰς
780 1723 1003 1809 γενεὰς
1038 1719 1264 1793 αὐτῶν.
1361 1727 1422 1766 ²⁰
1436 1721 1549 1789 καὶ
1594 1719 1757 1811 αὕτη
1797 1718 1836 1810 ἡ
1879 1718 2164 1810 διαθήκη
2182 1772 2198 1803 ,
2247 1713 2324 1809 ἣν
2369 1719 2595 1807 διατη-

374 1825 594 1915 ρήσεις
638 1825 768 1895 ἀνὰ
817 1825 1019 1912 μέσον
1068 1826 1227 1911 ἐμοῦ
1266 1825 1381 1893 καὶ
1418 1822 1595 1912 ὑμῶν
1645 1824 1758 1891 καὶ
1811 1820 1935 1891 dvo}
1995 1821 2194 1910 μέσον
2234 1826 2350 1890 τοῦ
2385 1821 2597 1910 σπέρ-

371 1925 581 2015 ματός
640 1951 757 1999 σου
810 1930 975 2016 μετὰ
1034 1929 1109 1998 σὲ
1166 1927 1261 2010 εἷς
1301 1929 1423 2010 τὰς
1464 1929 1686 2016 γενεὰς
1733 1925 1938 1996 αὐτῶν
1954 1951 1971 1967 ·
2034 1925 2596 2018 περιτμηθήσεται

268 2051 337 2099 15
371 2029 545 2120 ὑμῶν
588 2041 725 2102 πᾶν
765 2027 1109 2123 ἀρσενικόν.
1207 2039 1229 2077 ¹
1242 2040 1265 2078 ²
1280 2036 1393 2102 καὶ
1438 2028 2022 2123 περιτμηθήσεσθε
2075 2032 2192 2122 τὴν
2232 2027 2440 2120 σάρκα
2482 2037 2611 2122 τῆς,

374 2134 800 2229 ἀκροβυστίας
836 2135 1013 2224 ὑμῶν
1026 2191 1043 2222 ,
1084 2136 1197 2206 καὶ
1240 2135 1427 2206 ἔσται
1468 2137 1564 2217 εἷς
1594 2141 1860 2227 σημεῖον
1890 2135 2211 2226 διαθήκης
2238 2129 2365 2203 α’-νά
2393 2134 2594 2220 μέσον

372 2241 531 2328 ἐμοῦ
576 2241 690 2310 καὶ
727 2239 921 2327 ὑμῶν.
990 2241 1174 2309 Η’καὶ
1216 2238 1485 2309 παιδίον
1527 2234 1696 2309 ὀκτὼ
1737 2237 1986 2328 ἡμερῶν
2028 2234 2594 2329 περιτμηθήσεται
2651 2229 2668 2243 “

514 2608 543 2659 1
582 2624 665 2661 ετι
701 2608 826 2661 ante
867 2613 1053 2681 αβραμ
1091 2624 1145 2660 m
1176 2606 1187 2677 Ι
1219 2606 1248 2660 1
1291 2608 1432 2659 alla
1467 2622 1496 2659 1·
1524 2607 1535 2673 Ι
1565 2604 1601 2657 2
1639 2619 1798 2658 εσται
1823 2602 2106 2669 Aabcmtz‚
2142 2606 2477 2671 κληθησεται
2512 2621 2541 2659 1·
2582 2604 2591 2676 Ι

371 2696 407 2749 2
438 2712 501 2746 το
536 2711 718 2765 ονομα
756 2708 859 2747 σου
894 2700 1119 2766 αβρααμ
1154 2695 1205 2748 D
1244 2693 1511 2762 [superest
1560 2691 1660 2746 sub
1703 2712 1736 2744 ο
1774 2710 1956 2762 ονομα
1992 2705 2094 2744 σου
2145 2707 2305 2746 uersu
2348 2692 2598 2762 sequenti

370 2800 453 2850 μα
488 2796 591 2833 σου
628 2780 793 2852 appa]
831 2779 1015 2843 abcm,
1052 2787 1276 2854 αβρααμ
1312 2798 1375 2832 το
1414 2796 1600 2851 ονομα
1637 2792 1740 2831 σου
1762 2775 1812 2831 A
1840 2776 1849 2845 Ι
1879 2778 1914 2831 3
1938 2783 2146 2844 τεθηκα
2169 2793 2198 2831 1·
2227 2780 2238 2843 Ι
2265 2778 2304 2833 3
2326 2794 2389 2831 σε
2407 2794 2596 2833 secuu-

372 2865 501 2920 dum
535 2881 633 2920 σαι
669 2864 857 2920 scribit
889 2867 917 2919 t
946 2867 955 2931 Ι
986 2866 1023 2920 3
1056 2866 1279 2938 σφοδρα
1318 2865 1551 2920 alterum
1568 2863 1756 2922 >Arz
1777 2862 1998 2933 [D=b]
2031 2864 2042 2932 Ι
2070 2862 2108 2917 4
2133 2868 2297 2923 εθνος
2317 2882 2346 2920 r
2375 2864 2386 2931 Ι
2414 2867 2451 2921 4
2472 2867 2598 2934 post

370 2954 619 3021 βασιλεις
655 2953 721 3020 4-
761 2957 948 3005 εθνων
982 2967 1012 3005 ο
1041 2953 1051 3017 Ι
1080 2950 1118 3005 4
1154 2953 1529 3012 εξελευσονται
1565 2949 1888 3013 Aabmrtzss,
1925 2952 2265 3011 εξελευσοται
2301 2954 2392 3013 2¹,
2433 2966 2594 3004 εσον-

369 3056 463 3090 ται
500 3053 529 3091 ο
578 3040 589 3105 Ι
629 3036 667 3091 4
702 3042 859 3104 θησω
894 3054 925 3092 z
972 3038 982 3105 Ι
1038 3038 1071 3092 5
1106 3052 1213 3091 σου
1251 3036 1352 3101 ab,
1390 3054 1530 3107 εμου
1566 3055 1662 3089 και
1701 3054 1812 3090 ava
1845 3050 2029 3107 μεσον
2063 3050 2172 3089 σου
2207 3036 2306 3092 AD
2350 3037 2467 3107 [olm
2505 3037 2600 3108 qui

371 3122 548 3191 spafio
582 3124 725 3177 inter
762 3141 944 3196 αναμε
980 3126 1038 3178 et
1074 3138 1205 3177 εσον
1239 3137 1342 3176 σου
1377 3122 1468 3177 uel
1502 3137 1645 3176 nunc
1679 3121 1980 3176 emetiendo
2017 3138 2144 3177 uera
2184 3124 2422 3178 testatus
2455 3140 2598 3179 oom-

370 3209 649 3279 probatur]
689 3212 855 3263 cmrtz
887 3208 898 3280 Ι
927 3211 962 3264 6
992 3228 1090 3269 τας
1107 3217 1174 3268 >
1198 3207 1297 3262 AD
1321 3208 1438 3279 [en]
1458 3226 1515 3263 rz
1545 3211 1555 3275 Ι
1588 3209 1619 3263 7
1657 3211 1784 3263 ante
1805 3214 1938 3269 θεος
1954 3209 2020 3278 -Ι-
2041 3229 2071 3262 ο
2097 3223 2126 3263 c
2155 3211 2166 3277 Ι
2197 3212 2229 3264 ’7
2253 3213 2379 3279 post
2403 3228 2464 3265 σε
2483 3214 2550 3280 -Ι-
2571 3230 2599 3266 z

372 3314 455 3357 εις
476 3312 667 3365 γενεας
702 3312 883 3349 amant
906 3297 941 3350 6
977 3297 1035 3349 et
1058 3310 1195 3364 quae
1228 3297 1527 3364 sequuntur
1560 3311 1732 3365 usque
1763 3294 1833 3349 ad
1858 3312 1920 3349 σε
1947 3295 1978 3349 7
2011 3296 2020 3365 Ι
2051 3295 2140 3364 718
2177 3312 2313 3366 quae
2338 3298 2480 3352 inter
2503 3316 2598 3353 και

371 3381 602 3437 alterum
640 3382 671 3436 7
708 3384 767 3435 et
802 3396 865 3435 σε
900 3381 935 3435 8
976 3381 1087 3451 [his
1122 3380 1373 3452 inclusis]
1404 3380 1611 3447 media,
1648 3391 1717 3441 >
1749 3383 1834 3435 mt
1873 3382 1884 3450 Ι
1927 3382 2017 3450 ’118
2055 3421 2086 3447 ,,
2100 3381 2452 3451 Symmachus
2502 3403 2597 3438 και

372 3468 584 3538 διδωμι
620 3472 755 3522 σοι“
791 3467 827 3523 b
856 3469 867 3534 1
898 3467 933 3521 8
965 3485 1108 3539 μετα
1143 3484 1205 3523 σε
1225 3477 1381 3538 >ay
1410 3472 1421 3537 Ι
1451 3468 1486 3523 8
1522 3486 1636 3529 κεις
1670 3469 1820 3522 uocis
1856 3486 2148 3539 παροικεις
2180 3468 2240 3523 in
2273 3485 2462 3523 rasura
2494 3469 2544 3523 A
2583 3470 2593 3541 Ι

370 3555 407 3609 9
440 3554 653 3623 integer
690 3556 747 3608 et
786 3554 851 3610 10
885 3570 1057 3623 usque
1092 3553 1164 3608 ad
1199 3560 1335 3617 θεος
1369 3557 1617 3609 nostrum
1653 3554 1777 3625 [hac
1809 3568 1940 3608 uoce
1974 3554 2209 3626 inclusa]
2234 3555 2282 3608 A
2316 3554 2376 3609 in
2408 3572 2600 3611 rasura

370 3655 535 3694 manu
566 3640 744 3709 prima
762 3681 774 3692 .
814 3640 1071 3710 pleraque
1105 3656 1249 3695 mmo
1284 3640 1514 3695 euanida
1544 3642 1553 3710 Ι
1584 3642 1620 3695 9
1654 3642 1704 3695 D
1729 3642 1990 3710 punctum
2023 3640 2188 3696 habet
2217 3642 2344 3711 post
2367 3657 2558 3697 πασαν
2583 3642 2593 3715 Ι

373 3728 441 3781 10
478 3746 623 3780 αυτω
658 3743 686 3780 1·
716 3730 725 3793 Ι
759 3725 827 3781 10
864 3745 943 3786 εις
976 3732 1119 3781 θεον
1151 3726 1247 3791 bo,
1289 3733 1422 3786 θεος
1443 3726 1716 3782 ADamrtz
1747 3726 1758 3795 Ι
1788 3729 1857 3782 10
1892 3746 1988 3780 και
2027 3745 2186 3782 ειπεν
2219 3749 2252 3781 ο
2287 3734 2422 3788 θεος
2453 3748 2600 3800 προς

372 3819 597 3887 αβρααμ
622 3821 765 3872 >m
796 3813 805 3881 Ι
838 3814 907 3870 10
928 3812 1091 3885 προς]
1119 3832 1193 3865 τω
1211 3829 1267 3867 z.
1289 3813 1466 3867 D==b
1497 3815 1506 3884 Ι
1540 3814 1608 3868 10
1625 3820 1811 3887 αβραμ
1835 3828 1869 3866 a
1899 3814 1908 3881 Ι
1941 3815 2007 3869 11
2025 3831 2278 3887 τηρησεις
2297 3830 2368 3879 m,
2407 3815 2595 3881 διατη-

370 3917 535 3973 ρησης
566 3916 626 3963 7,,
660 3899 753 3969 qui
787 3897 941 3954 addit
972 3917 1077 3952 ανα
1113 3912 1291 3969 μεσον
1328 3916 1468 3969 εμου
1518 3918 1614 3952 και
1651 3913 1757 3952 σου
1823 3900 1832 3966 Ι
1901 3899 1966 3952 11
2004 3914 2074 3951 συ
2109 3908 2177 3958 >
2213 3915 2312 3967 acy
2357 3900 2367 3968 Ι
2418 3900 2484 3955 11
2520 3918 2596 3968 τῳ

370 4001 649 4060 σπερματι
684 4000 753 4055 ay
783 3984 792 4053 Ι
825 3986 983 4053 11112
1017 4001 1159 4054 μετα
1195 3998 1258 4035 σε
1296 3991 1363 4042 >
1400 3986 1483 4038 mt
1512 3984 1521 4052 Ι
1564 3983 1632 4037 12
1664 4000 1765 4043 τας
1799 3992 1866 4041 >
1901 3988 1998 4049 rzl
2045 3985 2201 4052 12s13
2233 4002 2304 4051 ην
2337 3984 2598 4055 διατηρη-

372 4084 492 4131 σεις
527 4078 595 4128 >
633 4086 664 4124 z
728 4072 739 4136 Ι
805 4070 873 4124 13
908 4087 1072 4141 ημων
1106 4084 1169 4132 a,
1218 4085 1321 4121 σου
1358 4085 1387 4120 z
1450 4072 1461 4135 Ι
1529 4068 1599 4124 14
1632 4067 1804 4132 „inde
1839 4069 1908 4122 ab
1945 4086 2023 4129 εις
2057 4087 2156 4127 τας
2188 4086 2382 4139 γενεας
2417 4088 2598 4123 αυτων

368 4171 539 4226 usque
590 4156 685 4221 18,
734 4156 770 4210 2
818 4156 1000 4211 omnia
1042 4155 1286 4210 desunt“
1335 4154 1387 4208 D
1452 4155 1461 4224 Ι
1530 4153 1599 4208 14
1646 4171 1724 4211 εις
1770 4172 1866 4211 τας
1909 4170 2102 4224 γενεας
2148 4172 2332 4207 αυτων
2380 4163 2450 4213 >
2485 4171 2515 4209 ο
2582 4155 2592 4226 Ι

369 4244 437 4299 15
468 4260 606 4312 υμιν
639 4257 699 4295 cz
750 4245 760 4309 Ι
818 4243 885 4298 15
919 4260 1038 4295 παν
1072 4239 1389 4315 αρσενικον]
1439 4259 1548 4294 των
1599 4253 1908 4313 αρσενικων
1943 4256 1997 4302 z,
2057 4238 2150 4308 qui
2186 4238 2342 4294 addit
2391 4258 2468 4299 εις
2501 4262 2598 4303 τας

366 4345 565 4397 γενεας
600 4346 781 4381 αυτων
824 4329 833 4397 Ι
882 4328 951 4383 15
986 4330 1513 4400 περιτμηθησεσθαι
1550 4324 1621 4390 A,
1661 4329 2136 4399 περιτμηθησεται
2170 4342 2201 4380 z
2231 4326 2242 4393 Ι
2283 4327 2351 4381 16
2387 4342 2467 4388 εις
2501 4344 2596 4395 ση-

366 4428 537 4483 μειον
570 4411 665 4478 bo,
704 4432 765 4469 εν
799 4431 1014 4487 οημειω
1048 4413 1268 4467 Aamrtz
1298 4411 1309 4481 Ι
1341 4412 1409 4467 16
1444 4430 1551 4467 ava
1587 4428 1767 4487 μεσον
1802 4418 1873 4470 >
1905 4411 1990 4464 mt
2026 4410 2035 4478 Ι
2085 4410 2151 4465 17
2188 4414 2368 4484 υμων]
2407 4428 2514 4469 σου
2549 4432 2596 4481 z,
