3169 4941
1309 439 1536 496 Genesis
1570 442 1660 496 34.
2504 440 2607 496 139

313 624 340 666 1
377 600 702 690 ἐχρόνισεν
746 599 785 669 ὃ
831 597 1166 680 νεανίσκος
1207 609 1322 668 τοῦ
1377 605 1655 689 ποιῆσαι
1706 599 1783 667 τὸ
1835 606 2003 690 ῥῆμα
2048 607 2268 669 τοῦτο·
2327 599 2604 668 ἐνέκειτο

376 707 497 794 γὰρ
555 712 634 796 τῇ
684 704 962 793 θυγατρὶ
1019 697 1242 790 Ἰακώβ
1258 727 1273 743 ·
1349 698 1545 784 αὐτὸς
1600 703 1674 772 δὲ
1732 698 1805 794 ἦν
1864 701 2281 785 ἐνδοξότατος
2340 703 2605 772 πάντων

375 815 504 876 τῶν
554 809 621 877 ἐν
661 813 755 897 τῷ
785 803 965 935 οἴκῳ>
1012 816 1125 875 τοῦ
1179 808 1434 896 πατρὸς
1473 805 1696 877 αὐτοῦ.
1790 813 1851 851 ²⁰
1877 803 2043 898 ἦλθε
2086 808 2160 875 δὲ
2198 801 2452 896 Ἑμμὼρ
2492 808 2603 876 καὶ

374 913 580 998 Συχὲμ
622 910 660 980 ὃ
704 909 843 992 υιὸς
890 909 1086 979 αὐτοῦ
1129 911 1296 998 πρὸς
1339 913 1452 1002 τὴν
1493 909 1703 1001 πύλην
1749 919 1866 1002 τῆς
1908 908 2165 992 πόλεως
2206 909 2442 995 αὐτῶν,
2488 911 2604 979 καὶ

309 1039 340 1085 5
376 1013 692 1106 ἐλάλησαν
737 1016 908 1105 πρὸς
945 1015 1095 1096 τοὺς
1139 1014 1370 1104 ἄνδρας
1409 1021 1523 1106 τῆς
1563 1016 1819 1096 πόλεως
1848 1013 2060 1083 αὐτῶν
2092 1016 2378 1102 λέγοντες
2434 1019 2493 1059 ²¹
2516 1012 2603 1084 Οἱ

374 1120 725 1210 ανθρωποι
781 1125 956 1188 οὗτοι
1015 1117 1325 1208 εἶρηνικοί
1379 1117 1536 1203 εἰσι,
1613 1113 1769 1204 μεθ’
1827 1117 2003 1210 ἡμῶν
2061 1117 2435 1188 οἰκείτωσαν
2480 1118 2603 1186 ἐπὶ

372 1232 489 1314 τῆς
529 1231 644 1314 γῆς
687 1223 818 1298 καὶ.
845 1223 1438 1322 ἐμπορευέσθῳσαν
1498 1217 1719 1314 αἰτήν,
1776 1221 1849 1318 ἢ
1840 1224 1935 1292 δὲ
1996 1229 2073 1314 γῆ
2129 1221 2271 1292 ἰδοὺ
2318 1225 2599 1291 πλατεῖα

374 1326 660 1396 ἐναντίον
704 1324 941 1395 αὐτῶν·
994 1326 1114 1407 τὰς
1157 1327 1524 1417 θυγατέρας
1561 1322 1769 1396 αὐτῶν
1811 1327 2167 1418 ληψόμεθα
2202 1326 2353 1417 ἡμῖν
2382 1332 2600 1413 γυναῖ-
2686 1397 2695 1402 ἢ

375 1459 522 1515 κας,
585 1432 696 1500 καὶ
737 1431 857 1511 τὰς
896 1430 1260 1519 θυγατέρας
1315 1429 1490 1521 ἡμῶν
1549 1432 1841 1519 δώσομεν
1875 1425 2115 1512 αὐτοῖς.
2212 1430 2351 1498 22ἐν
2392 1430 2599 1518 τούτῳ

273 1557 340 1603 10
370 1527 564 1620 μόνον
605 1534 1136 1624 ὁμοιωθήσονται
1194 1533 1345 1624 ἡμῖν
1401 1561 1464 1602 οι
1510 1532 1859 1623 ἄνθρωποι
1920 1541 2034 1603 τσῦ
2076 1534 2402 1603 κατοικεῖν
2442 1527 2598 1621 μεθ’

371 1638 549 1729 ἡμῶν
603 1638 770 1707 ὥστε
831 1631 993 1706 εἶναι
1037 1638 1190 1706 λαὸν
1239 1639 1383 1721 ἕνα,
1454 1640 1519 1707 ἐν
1567 1644 1662 1727 τῷ
1716 1640 2194 1729 περιτεμέσθαι
2236 1639 2414 1730 ἡμῶν
2458 1645 2597 1704 πᾶν

372 1737 708 1832 α’ρσενικόν
724 1797 741 1828 ,
808 1743 994 1810 καθὰ
1048 1743 1161 1810 καὶ
1215 1739 1398 1811 αὐτοὶ
1441 1743 1959 1833 περιτέτμηνται.
2056 1747 2113 1786 ²³
2126 1742 2237 1811 καὶ
2272 1743 2357 1812 τὰ
2398 1740 2593 1832 κτήνη

353 1845 580 1915 αὐτῶν
618 1847 728 1915 καὶ
771 1848 854 1914 τὰ
896 1846 1272 1936 τετράποδα
1318 1847 1428 1916 καὶ
1488 1848 1572 1915 τὰ
1617 1845 1986 1936 ὑπάρχοντα
2030 1841 2237 1915 αὐτῶν
2271 1840 2385 1930 οὐχ
2412 1844 2593 1936 ἡμῶν

369 1949 591 2034 ἔσταις
657 1946 852 2036 μόνον
905 1951 972 2018 ἐν
1026 1947 1236 2039 τούτῳ
1297 1949 1727 2037 ὁμοιωθῶμεν
1768 1949 2019 2035 αὐτοῖς,
2106 1951 2219 2019 καὶ
2259 1949 2594 2041 οἰκήσουσι

269 2078 334 2124 15
367 2052 519 2140 μεθ’
579 2054 767 2144 ἡμῶν.
862 2059 922 2098 ²4
948 2055 1056 2122 καὶ
1118 2051 1498 2146 εἰσήκουσαν
1545 2053 1797 2144 Ἐμμώρ
1853 2057 1967 2141 καὶ
2008 2055 2214 2142 Σταὲμ
2276 2064 2391 2122 τοῦ
2449 2052 2595 2122 υἱοῦ

369 2153 561 2226 αὐτοῦ
601 2159 842 2240 πάντες
884 2156 948 2227 οἳ
989 2155 1496 2247 ἐμπορευόμενοι
1535 2159 1650 2249 τὴν
1690 2156 1899 2249 πύλην
1928 2164 2042 2250 τῆς
2074 2155 2333 2240 πόλεως
2360 2152 2591 2242 αὐτῶν,

368 2263 480 2330 καὶ
541 2262 996 2352 περιετέμοντο
1065 2263 1182 2353 τὴν
1252 2263 1462 2352 σάρκα
1530 2271 1650 2353 τῆς
1707 2256 2142 2351 ἀκροβυστίας
2196 2261 2401 2332 αὐτῶν
2456 2269 2594 2342 πᾶς

509 2468 540 2522 1
583 2487 883 2545 εχρονησεν
916 2490 946 2525 z
989 2473 996 2541 Ι
1042 2474 1071 2526 1
1111 2490 1208 2524 του
1247 2480 1314 2529 >
1346 2487 1375 2525 c
1405 2472 1412 2537 Ι
1446 2470 1480 2523 2
1514 2490 1583 2536 ην
1619 2472 1993 2539 ενδοξοτατος]
2034 2473 2258 2533 ενδοξος
2292 2490 2321 2524 z
2372 2472 2381 2541 Ι
2424 2473 2458 2525 3
2497 2476 2587 2538 ηλ-

371 2563 470 2609 θεν
503 2555 760 2611 ADEGt¹
814 2559 823 2625 Ι
877 2558 912 2613 5
952 2560 1211 2624 ελαλησεν
1246 2555 1323 2610 G.
1364 2557 1553 2612 D=b
1609 2560 1619 2620 Ι
1676 2558 1708 2611 5
1744 2577 1925 2611 αυτων
1960 2568 2027 2617 >
2067 2575 2095 2610 z
2148 2560 2158 2624 Ι
2224 2559 2259 2613 6
2298 2559 2585 2629 ειρηνικοι]

366 2641 611 2711 „Aquila
647 2648 1100 2717 απηρτισμενοι“
1124 2643 1156 2698 b
1189 2643 1198 2712 Ι
1231 2645 1264 2698 6
1301 2660 1448 2696 εισιν
1480 2641 1777 2698 ADEthz
1820 2645 1829 2713 Ι
1884 2645 1917 2697 6
1950 2650 2068 2714 μεθ·
2101 2662 2258 2715 ημων
2292 2660 2411 2698 eum
2446 2659 2590 2697 εισιν

363 2729 699 2799 coniungunt
741 2729 824 2783 Aa
875 2731 886 2799 Ι
939 2734 972 2785 6
1009 2745 1319 2796 οικητωσαν
1354 2730 1429 2783 Ez
1496 2732 1506 2796 Ι
1573 2731 1605 2784 7
1654 2749 1827 2797 αυτην
1859 2729 2213 2794 AEGabmtz,
2272 2748 2333 2784 εν
2366 2750 2501 2796 αυτη
2536 2731 2587 2785 D

366 2816 483 2886 [em
507 2819 754 2886 superest
787 2836 850 2883 τη
887 2818 1014 2871 ante
1051 2837 1082 2883 η
1111 2817 1198 2885 δε]
1227 2832 1256 2869 e
1287 2818 1294 2883 Ι
1329 2819 1360 2871 7
1397 2819 1634 2870 πλατεια
1673 2818 1805 2871 ιδου
1839 2834 1899 2871 z.
1937 2818 1988 2871 D
2012 2843 2081 2860 ==
2104 2816 2139 2871 b
2172 2820 2179 2885 Ι
2214 2817 2245 2870 7
2270 2820 2475 2869 πλατια
2502 2817 2545 2871 Ε
2576 2819 2583 2884 Ι

366 2903 397 2956 7
448 2904 574 2971 post
622 2906 854 2956 πλατεια
903 2905 1161 2972 punctum
1209 2902 1364 2971 ponit
1413 2918 1446 2955 a
1463 2943 1476 2965 ‚
1538 2921 1791 2956 εναντιον
1836 2922 2014 2956 auram
2064 2919 2184 2957 cum
2242 2901 2590 2972 sequentibus

363 2989 694 3056 coniungens
716 3028 730 3042 .
782 2990 848 3057 -Ι-
897 2990 1268 3043 asteriscatum
1322 3006 1382 3041 εν
1416 3003 1615 3061 χερσιν
1664 2988 1713 3043 G
1766 2989 1775 3058 Ι
1829 2991 1864 3044 8
1910 3008 2005 3047 τας
2055 2996 2367 3062 θυγατερας
2409 3007 2589 3043 αυτων

364 3083 431 3133 >
469 3091 537 3144 ay
593 3076 600 3143 Ι
656 3075 691 3128 8
722 3078 1070 3146 λημψομεθα
1101 3075 1151 3129 Α
1189 3075 1271 3143 [ut
1307 3073 1554 3139 uidetur,
1607 3076 1773 3130 etiam
1806 3075 1878 3145 D]
1921 3073 1971 3128 G
2038 3076 2045 3144 Ι
2112 3076 2147 3129 9
2183 3076 2449 3145 δωσωμεν
2496 3094 2525 3129 z
2575 3074 2585 3145 Ι

364 3162 398 3215 9
432 3165 560 3230 post
599 3180 785 3221 αυτοις
825 3165 886 3226 -Ι-
929 3166 1195 3231 γυναικᾶς
1223 3179 1254 3216 z
1321 3159 1327 3229 Ι
1392 3160 1517 3228 9110
1551 3180 1732 3233 μονον
1767 3178 1827 3215 εν
1875 3181 2047 3214 τουτω
2083 3160 2415 3225 ADEGcmt,
2470 3183 2586 3233 μο-

363 3266 467 3300 νον
503 3266 563 3301 εν
618 3266 778 3302 τουτο
815 3266 842 3301 z
905 3250 912 3317 Ι
979 3250 1046 3302 10
1088 3250 1215 3317 post
1265 3254 1559 3319 ανθρωποι
1600 3249 1664 3314 -Ι-
1702 3268 1857 3302 ουτοι
1894 3266 1925 3303 o
1989 3253 1998 3316 Ι
2069 3252 2136 3305 10
2187 3269 2365 3304 οικειν
2415 3248 2523 3303 Gcz
2574 3249 2583 3320 Ι

362 3335 428 3388 11
465 3340 900 3406 περιτεμνεσθαι
935 3333 1270 3388 ADEGcmtz
1305 3335 1314 3402 Ι
1361 3336 1424 3389 11
1462 3334 1538 3389 fin
1574 3354 1713 3405 ημιν
1754 3353 1782 3387 z
1824 3337 1833 3404 Ι
1889 3338 1953 3391 12
1990 3354 2485 3408 περιτετετμηνται
2520 3336 2585 3400 Α,

362 3419 410 3473 si
435 3418 631 3473 Baberi
667 3419 928 3475 uolumini
963 3421 1137 3489 primo
1175 3421 1338 3476 fides:
1375 3437 1504 3475 nam
1542 3422 1601 3475 in
1628 3424 1817 3491 quarto
1854 3421 2011 3475 huius
2051 3422 2346 3491 scripturae
2384 3424 2585 3477 mentio

361 3521 468 3558 non
506 3504 600 3559 fit.
653 3523 1079 3581 περιτεμνονται
1113 3522 1168 3560 m
1208 3507 1323 3575 [tD
1345 3506 1520 3577 —--b],
1581 3525 2012 3581 περιτεμνηνται
2054 3526 2081 3561 z
2114 3509 2123 3578 Ι
2155 3509 2223 3562 12
2258 3512 2384 3576 post
2426 3527 2584 3579 περι-

359 3609 656 3664 τετμηνται
693 3593 759 3660 -Ι-
799 3611 894 3645 xm
929 3611 998 3644 τα
1033 3610 1353 3665 υπαρχοντα
1393 3612 1573 3647 αυτων
1610 3591 1659 3646 G
1689 3596 1698 3661 Ι
1732 3594 1797 3649 13
1830 3595 1957 3661 post
1992 3613 2172 3647 αυτων
2205 3595 2356 3664 prius
2393 3597 2458 3662 -Ι-
2489 3614 2583 3649 και

358 3696 425 3729 τα
479 3695 803 3752 υπαρχοντα
839 3677 885 3732 Α
915 3677 985 3747 [D
1010 3677 1181 3745 -—--b],
1223 3680 1288 3744 -Ι-
1340 3697 1434 3731 και
1480 3698 1548 3731 τα
1596 3696 1917 3752 υπαρχοντα
1954 3699 2135 3734 αυτων
2168 3698 2197 3733 z
2263 3684 2273 3751 Ι
2342 3685 2408 3737 13
2459 3684 2586 3751 post

357 3765 670 3837 τετραποδα
706 3766 772 3832 -Ι-
813 3782 992 3817 αυτων
1026 3763 1232 3833 Α[11011
1255 3764 1330 3833 D]
1368 3780 1426 3817 cz
1455 3764 1465 3832 Ι
1500 3765 1566 3819 13
1602 3784 1695 3817 και
1731 3784 1799 3817 τα
1840 3784 2164 3838 υπαρχοντα
2200 3787 2382 3821 αυτων
2417 3769 2583 3822 etiam

356 3848 458 3903 hoe
503 3849 620 3903 loco
655 3849 733 3914 A,
795 3848 938 3919 quod
984 3850 1238 3903 mendum
1285 3850 1394 3904 iam
1447 3850 1671 3919 antiquo
1724 3852 1965 3919 tempore
2019 3852 2299 3907 inuentum
2345 3858 2401 3908 et
2437 3854 2585 3908 linefi.

359 3934 544 3990 subter
594 3951 810 3990 uersum
856 3935 1018 3990 dueta
1066 3936 1314 3989 notatum
1353 3934 1425 4004 [D
1446 3962 1514 3979 =
1533 3935 1591 4006 b]
1614 3976 1627 3989 .
1675 3935 1873 3990 desunt
1923 3935 2056 3992 haee
2100 3938 2269 3993 uerba
2313 3940 2413 3993 hoe
2463 3939 2581 3994 loeo

355 4021 412 4074 in
450 4020 529 4075 Gz
584 4023 592 4090 Ι
656 4024 724 4078 13
761 4025 886 4091 post
921 4042 1014 4075 και
1050 4022 1281 4075 alterum
1319 4023 1383 4089 -Ι-
1421 4040 1605 4075 παντα
1640 4038 1669 4075 c
1731 4022 1741 4091 Ι
1809 4024 1875 4077 13
1910 4042 2091 4077 αυτων
2129 4024 2361 4079 alterum
2396 4034 2463 4084 >
2498 4042 2529 4079 ο
2569 4025 2578 4096 Ι

357 4109 424 4163 13
460 4127 564 4177 ουχ
599 4125 768 4178 usque
804 4109 875 4164 ad.
912 4127 1071 4181 ημων
1111 4110 1176 4163 15
1212 4118 1279 4167 >
1321 4126 1348 4161 z
1380 4109 1388 4176 Ι
1424 4108 1489 4163 14
1516 4112 1566 4172 '2'
1596 4126 1657 4161 εν
1692 4128 1865 4161 τουτω
1889 4125 1905 4159 2
1927 4126 2109 4179 μονον
2142 4109 2226 4173 G!
2282 4111 2349 4165 14
2374 4132 2582 4182 ομοιω-

353 4200 657 4265 θησομεθα
680 4195 730 4248 D
763 4196 771 4263 Ι
807 4194 962 4265 14s15
990 4210 1305 4266 οικησωμεν
1343 4212 1448 4264 μετ
1485 4213 1669 4248 αυτων
1692 4194 1873 4264 D[GR]
1908 4195 1916 4265 Ι
1950 4194 2017 4248 14
2043 4210 2375 4261 οικησουσιν
2397 4196 2541 4253 AEG
2569 4198 2577 4269 Ι

356 4280 424 4335 15
454 4296 779 4346 εισηκουσεν
811 4281 929 4351 Aay
961 4283 968 4348 Ι
1005 4280 1070 4336 15
1105 4300 1199 4334 και
1235 4280 1465 4335 alterum
1499 4291 1566 4340 >
1606 4297 1641 4334 a
1669 4281 1680 4348 Ι
1713 4282 1779 4337 15
1814 4299 1917 4334 του
1957 4288 2025 4338 >
2053 4282 2097 4334 Ε
2129 4282 2137 4350 Ι
2172 4282 2238 4336 16
2274 4286 2399 4338 ante
2435 4302 2582 4339 παν-

353 4382 439 4423 τες
473 4368 535 4429 -Ι-
576 4385 668 4420 και
703 4382 738 4421 a
805 4370 816 4432 Ι
883 4370 950 4423 16
987 4385 1420 4442 εκπορευομενοι
1457 4366 1554 4421 AD
1583 4368 1700 4437 [GR]
1730 4367 2036 4437 EGaemtyz
2088 4369 2097 4439 Ι
2165 4372 2232 4426 16
2266 4388 2365 4437 την
2400 4374 2581 4439 πυλην

356 4459 426 4510 >
463 4467 492 4503 z
523 4452 532 4520 Ι
565 4453 630 4506 17
669 4470 1093 4527 περιετεμνοντο
1131 4457 1248 4518 mt,
1276 4470 1610 4527 περιετεμον
1635 4455 1746 4524 Ee!
1781 4455 1847 4510 17
1873 4459 1924 4515 ’ς’
1946 4473 2046 4522 την
2081 4470 2257 4530 σαρκα
2294 4476 2389 4527 της
2420 4478 2580 4535 anpo-
