<?xml version="1.0" encoding="UTF-8"?>
<!DOCTYPE html PUBLIC "-//W3C//DTD XHTML 1.0 Transitional//EN"
    "http://www.w3.org/TR/xhtml1/DTD/xhtml1-transitional.dtd">
<html xmlns="http://www.w3.org/1999/xhtml" xml:lang="en" lang="en">
 <head>
  <title>
</title>
<meta http-equiv="Content-Type" content="text/html;charset=utf-8" />
  <meta name='ocr-system' content='tesseract 3.04.00' />
  <meta name='ocr-capabilities' content='ocr_page ocr_carea ocr_par ocr_line ocrx_word'/>
</head>
<body>
  <div class='ocr_page' id='page_1' title='image "./genesisgraeceef00unkngoog_0175.png"; bbox 0 0 3169 4941; ppageno 0'>
   <div class='ocr_carea' id='block_1_1' title="bbox 565 432 1855 495">
    <p class='ocr_par' dir='ltr' id='par_1_1' title="bbox 565 432 1855 495">
     <span class='ocr_line' id='line_1_1' title="bbox 565 432 1855 495; baseline -0.003 0"><span class='ocrx_word' id='word_1_1' title='bbox 565 440 670 495; x_wconf 83' lang='lat'><strong><em>128</em></strong></span> <span class='ocrx_word' id='word_1_2' title='bbox 1503 432 1731 491; x_wconf 76' lang='lat' dir='ltr'><strong>Genesis</strong></span> <span class='ocrx_word' id='word_1_3' title='bbox 1765 436 1855 493; x_wconf 84' lang='lat'><strong><em>31.</em></strong></span> 
     </span>
    </p>
   </div>
   <div class='ocr_carea' id='block_1_2' title="bbox 556 591 2791 1000">
    <p class='ocr_par' dir='ltr' id='par_1_2' title="bbox 556 591 2791 1000">
     <span class='ocr_line' id='line_1_2' title="bbox 564 591 2789 689; baseline -0.001 -23"><span class='ocrx_word' id='word_1_4' title='bbox 564 597 745 689; x_wconf 81' lang='grc' dir='ltr'><strong><em>ἦμῶν</em></strong></span> <span class='ocrx_word' id='word_1_5' title='bbox 804 594 1010 665; x_wconf 88' lang='grc' dir='ltr'><strong><em>ἐστίν·</em></strong></span> <span class='ocrx_word' id='word_1_6' title='bbox 1087 592 1188 665; x_wconf 72' lang='grc' dir='ltr'><strong><em>ἴδε</em></strong></span> <span class='ocrx_word' id='word_1_7' title='bbox 1244 594 1280 663; x_wconf 83' lang='grc' dir='ltr'><em>ὃ</em></span> <span class='ocrx_word' id='word_1_8' title='bbox 1324 596 1486 676; x_wconf 83' lang='grc' dir='ltr'><strong><em>θεὸς</em></strong></span> <span class='ocrx_word' id='word_1_9' title='bbox 1537 591 1780 684; x_wconf 78' lang='grc' dir='ltr'><em>μάρτυς</em></span> <span class='ocrx_word' id='word_1_10' title='bbox 1840 592 1963 663; x_wconf 79' lang='grc' dir='ltr'><strong><em>ἀνὰ</em></strong></span> <span class='ocrx_word' id='word_1_11' title='bbox 2019 594 2217 680; x_wconf 88' lang='grc' dir='ltr'><strong><em>μέσον</em></strong></span> <span class='ocrx_word' id='word_1_12' title='bbox 2272 594 2429 679; x_wconf 89' lang='grc' dir='ltr'><strong><em>ἐμοῦ</em></strong></span> <span class='ocrx_word' id='word_1_13' title='bbox 2484 594 2597 661; x_wconf 83' lang='grc' dir='ltr'><strong><em>καὶ</em></strong></span> <span class='ocrx_word' id='word_1_14' title='bbox 2656 598 2789 663; x_wconf 89' lang='grc' dir='ltr'><strong><em>σοῦ.</em></strong></span> 
     </span>
     <span class='ocr_line' id='line_1_3' title="bbox 571 692 2791 790; baseline -0.003 -19"><span class='ocrx_word' id='word_1_15' title='bbox 571 704 863 790; x_wconf 70' lang='grc' dir='ltr'><strong><em>45λαβών</em></strong></span> <span class='ocrx_word' id='word_1_16' title='bbox 905 702 976 769; x_wconf 79' lang='grc' dir='ltr'><strong><em>δὲ</em></strong></span> <span class='ocrx_word' id='word_1_17' title='bbox 1019 693 1260 786; x_wconf 77' lang='grc' dir='ltr'><strong><em>Ἰακώβ</em></strong></span> <span class='ocrx_word' id='word_1_18' title='bbox 1299 698 1494 767; x_wconf 89' lang='grc' dir='ltr'><strong><em>λίθον</em></strong></span> <span class='ocrx_word' id='word_1_19' title='bbox 1541 698 1807 789; x_wconf 64' lang='grc' dir='ltr'><strong><em>ἔστησεν</em></strong></span> <span class='ocrx_word' id='word_1_20' title='bbox 1850 698 2039 767; x_wconf 74' lang='grc' dir='ltr'><strong><em>αὐτὸν</em></strong></span> <span class='ocrx_word' id='word_1_21' title='bbox 2100 695 2350 789; x_wconf 78' lang='grc' dir='ltr'><strong><em>στήλην.</em></strong></span> <span class='ocrx_word' id='word_1_22' title='bbox 2446 692 2671 767; x_wconf 71' lang='grc' dir='ltr'><strong><em>46εἶπε</em></strong></span> <span class='ocrx_word' id='word_1_23' title='bbox 2718 698 2791 766; x_wconf 79' lang='grc' dir='ltr'><strong><em>δὲ</em></strong></span> 
     </span>
     <span class='ocr_line' id='line_1_4' title="bbox 556 798 2791 893; baseline -0.003 -18"><span class='ocrx_word' id='word_1_24' title='bbox 556 806 780 893; x_wconf 79' lang='grc' dir='ltr'><strong><em>Ἰακώβ</em></strong></span> <span class='ocrx_word' id='word_1_25' title='bbox 823 811 965 885; x_wconf 85' lang='grc' dir='ltr'><strong><em>τοῖς</em></strong></span> <span class='ocrx_word' id='word_1_26' title='bbox 1007 798 1322 893; x_wconf 69' lang='grc' dir='ltr'><strong><em>ἀδελφοῖς</em></strong></span> <span class='ocrx_word' id='word_1_27' title='bbox 1365 806 1564 872; x_wconf 78' lang='grc' dir='ltr'><strong><em>αὐτοῦ</em></strong></span> <span class='ocrx_word' id='word_1_28' title='bbox 1603 803 1946 890; x_wconf 76' lang='grc' dir='ltr'><strong><em>Συλλέγετε</em></strong></span> <span class='ocrx_word' id='word_1_29' title='bbox 1976 801 2223 883; x_wconf 91' lang='grc' dir='ltr'><strong><em>λίθους.</em></strong></span> <span class='ocrx_word' id='word_1_30' title='bbox 2293 803 2405 869; x_wconf 86' lang='grc' dir='ltr'><strong><em>καὶ</em></strong></span> <span class='ocrx_word' id='word_1_31' title='bbox 2452 802 2791 884; x_wconf 80' lang='grc' dir='ltr'><strong><em>συνέλεξαν</em></strong></span> 
     </span>
     <span class='ocr_line' id='line_1_5' title="bbox 563 904 2790 1000; baseline -0.002 -21"><span class='ocrx_word' id='word_1_32' title='bbox 563 909 826 992; x_wconf 88' lang='grc' dir='ltr'><strong><em>λίθους,</em></strong></span> <span class='ocrx_word' id='word_1_33' title='bbox 874 908 985 977; x_wconf 86' lang='grc' dir='ltr'><strong><em>καὶ</em></strong></span> <span class='ocrx_word' id='word_1_34' title='bbox 1029 907 1348 1000; x_wconf 82' lang='grc' dir='ltr'><strong><em>ἐποίησαν</em></strong></span> <span class='ocrx_word' id='word_1_35' title='bbox 1390 904 1652 994; x_wconf 79' lang='grc' dir='ltr'><strong><em>βουνόν·</em></strong></span> <span class='ocrx_word' id='word_1_36' title='bbox 1698 908 1809 974; x_wconf 77' lang='grc' dir='ltr'><strong><em>καὶ</em></strong></span> <span class='ocrx_word' id='word_1_37' title='bbox 1856 904 2099 997; x_wconf 72' lang='grc' dir='ltr'><strong><em>ἔφαγον</em></strong></span> <span class='ocrx_word' id='word_1_38' title='bbox 2144 906 2275 973; x_wconf 88' lang='grc' dir='ltr'><strong><em>ἐκεῖ</em></strong></span> <span class='ocrx_word' id='word_1_39' title='bbox 2318 906 2437 975; x_wconf 78' lang='grc' dir='ltr'><strong><em>ἐπὶ</em></strong></span> <span class='ocrx_word' id='word_1_40' title='bbox 2478 912 2593 975; x_wconf 90' lang='grc' dir='ltr'><strong><em>τοῦ</em></strong></span> <span class='ocrx_word' id='word_1_41' title='bbox 2634 914 2790 992; x_wconf 83' lang='grc' dir='ltr'><strong><em>βου-</em></strong></span> 
     </span>
    </p>
   </div>
   <div class='ocr_carea' id='block_1_3' title="bbox 2830 615 2854 658">
    <p class='ocr_par' dir='ltr' id='par_1_3' title="bbox 2830 615 2854 658">
     <span class='ocr_line' id='line_1_6' title="bbox 2830 615 2854 658; baseline 0 0"><span class='ocrx_word' id='word_1_42' title='bbox 2830 615 2854 658; x_wconf 89' lang='grc'><strong><em>1</em></strong></span> 
     </span>
    </p>
   </div>
   <div class='ocr_carea' id='block_1_4' title="bbox 563 1004 2855 1101">
    <p class='ocr_par' dir='ltr' id='par_1_4' title="bbox 563 1004 2855 1101">
     <span class='ocr_line' id='line_1_7' title="bbox 563 1004 2855 1101; baseline -0.002 -18"><span class='ocrx_word' id='word_1_43' title='bbox 563 1020 692 1083; x_wconf 86' lang='grc' dir='ltr'><strong><em>νοῦ.</em></strong></span> <span class='ocrx_word' id='word_1_44' title='bbox 763 1014 873 1081; x_wconf 84' lang='grc' dir='ltr'><strong><em>καὶ</em></strong></span> <span class='ocrx_word' id='word_1_45' title='bbox 926 1007 1112 1081; x_wconf 80' lang='grc' dir='ltr'><strong><em>εἶπεν</em></strong></span> <span class='ocrx_word' id='word_1_46' title='bbox 1158 1009 1330 1101; x_wconf 76' lang='grc' dir='ltr'><strong><em>αὐτῷ</em></strong></span> <span class='ocrx_word' id='word_1_47' title='bbox 1371 1012 1617 1098; x_wconf 79' lang='grc' dir='ltr'><strong><em>Λάβαν</em></strong></span> <span class='ocrx_word' id='word_1_48' title='bbox 1657 1010 1731 1080; x_wconf 89' lang='grc' dir='ltr'>Ὁ</span> <span class='ocrx_word' id='word_1_49' title='bbox 1784 1012 2017 1098; x_wconf 79' lang='grc' dir='ltr'><strong><em>βουνὸς</em></strong></span> <span class='ocrx_word' id='word_1_50' title='bbox 2064 1004 2253 1091; x_wconf 81' lang='grc' dir='ltr'><strong><em>οὗτος</em></strong></span> <span class='ocrx_word' id='word_1_51' title='bbox 2302 1016 2614 1100; x_wconf 84' lang='grc' dir='ltr'><strong><em>μαρτυρεῖ</em></strong></span> <span class='ocrx_word' id='word_1_52' title='bbox 2666 1010 2792 1079; x_wconf 75' lang='grc' dir='ltr'><strong><em>α’νὰ</em></strong></span> <span class='ocrx_word' id='word_1_53' title='bbox 2826 1026 2855 1070; x_wconf 83' lang='lat'>⁵</span> 
     </span>
    </p>
   </div>
   <div class='ocr_carea' id='block_1_5' title="bbox 561 1111 2793 2352">
    <p class='ocr_par' dir='ltr' id='par_1_5' title="bbox 561 1111 2793 2352">
     <span class='ocr_line' id='line_1_8' title="bbox 563 1111 2789 1208; baseline -0.003 -21"><span class='ocrx_word' id='word_1_54' title='bbox 563 1120 761 1204; x_wconf 81' lang='grc' dir='ltr'><strong><em>μέσον</em></strong></span> <span class='ocrx_word' id='word_1_55' title='bbox 802 1118 958 1205; x_wconf 92' lang='grc' dir='ltr'><strong><em>ἐμοῦ</em></strong></span> <span class='ocrx_word' id='word_1_56' title='bbox 1001 1118 1112 1186; x_wconf 80' lang='grc' dir='ltr'><strong><em>καὶ</em></strong></span> <span class='ocrx_word' id='word_1_57' title='bbox 1158 1124 1276 1185; x_wconf 88' lang='grc' dir='ltr'><strong><em>σοῦ</em></strong></span> <span class='ocrx_word' id='word_1_58' title='bbox 1321 1117 1619 1208; x_wconf 83' lang='grc' dir='ltr'><strong><em>σήμερον.</em></strong></span> <span class='ocrx_word' id='word_1_59' title='bbox 1717 1115 1907 1184; x_wconf 69' lang='grc' dir='ltr'><strong><em>Ηκαὶ</em></strong></span> <span class='ocrx_word' id='word_1_60' title='bbox 1963 1111 2263 1184; x_wconf 73' lang='grc' dir='ltr'><strong><em>ἐκάλεσεν</em></strong></span> <span class='ocrx_word' id='word_1_61' title='bbox 2310 1112 2502 1183; x_wconf 69' lang='grc' dir='ltr'><strong><em>αὐτὸν</em></strong></span> <span class='ocrx_word' id='word_1_62' title='bbox 2544 1117 2789 1202; x_wconf 83' lang='grc' dir='ltr'><strong><em>Λάβαν</em></strong></span> 
     </span>
     <span class='ocr_line' id='line_1_9' title="bbox 563 1212 2793 1311; baseline -0.001 -22"><span class='ocrx_word' id='word_1_63' title='bbox 563 1222 810 1303; x_wconf 86' lang='grc' dir='ltr'><strong><em>Βουνὸς</em></strong></span> <span class='ocrx_word' id='word_1_64' title='bbox 863 1229 979 1311; x_wconf 86' lang='grc' dir='ltr'><strong><em>τῆς</em></strong></span> <span class='ocrx_word' id='word_1_65' title='bbox 1034 1219 1412 1311; x_wconf 84' lang='grc' dir='ltr'><strong><em>μαρτυρίας,</em></strong></span> <span class='ocrx_word' id='word_1_66' title='bbox 1492 1213 1733 1307; x_wconf 77' lang='grc' dir='ltr'><strong><em>Ἰακὼβ</em></strong></span> <span class='ocrx_word' id='word_1_67' title='bbox 1797 1220 1870 1288; x_wconf 77' lang='grc' dir='ltr'><strong><em>δὲ</em></strong></span> <span class='ocrx_word' id='word_1_68' title='bbox 1944 1215 2243 1288; x_wconf 75' lang='grc' dir='ltr'><strong><em>ἐκάλεσεν</em></strong></span> <span class='ocrx_word' id='word_1_69' title='bbox 2306 1212 2497 1287; x_wconf 79' lang='grc' dir='ltr'><strong><em>αὖτὸν</em></strong></span> <span class='ocrx_word' id='word_1_70' title='bbox 2550 1220 2793 1299; x_wconf 87' lang='grc' dir='ltr'><strong><em>Βουνὸς</em></strong></span> 
     </span>
     <span class='ocr_line' id='line_1_10' title="bbox 561 1317 2793 1416; baseline -0.002 -21"><span class='ocrx_word' id='word_1_71' title='bbox 561 1328 812 1416; x_wconf 85' lang='grc' dir='ltr'><strong><em>μάρτυς.</em></strong></span> <span class='ocrx_word' id='word_1_72' title='bbox 909 1320 1132 1393; x_wconf 61' lang='grc' dir='ltr'><strong><em>4ῑέἶφισε</em></strong></span> <span class='ocrx_word' id='word_1_73' title='bbox 1174 1324 1248 1393; x_wconf 77' lang='grc' dir='ltr'><strong><em>δὲ</em></strong></span> <span class='ocrx_word' id='word_1_74' title='bbox 1287 1324 1538 1409; x_wconf 81' lang='grc' dir='ltr'><strong><em>Λάβαν</em></strong></span> <span class='ocrx_word' id='word_1_75' title='bbox 1592 1330 1687 1414; x_wconf 76' lang='grc' dir='ltr'><strong><em>τῷ</em></strong></span> <span class='ocrx_word' id='word_1_76' title='bbox 1727 1322 1969 1411; x_wconf 76' lang='grc' dir='ltr'><strong><em>Ἰακώβ</em></strong></span> <span class='ocrx_word' id='word_1_77' title='bbox 2011 1318 2183 1392; x_wconf 79' lang='grc' dir='ltr'><strong><em>Ἰδοὺ</em></strong></span> <span class='ocrx_word' id='word_1_78' title='bbox 2240 1322 2277 1392; x_wconf 84' lang='grc' dir='ltr'><em>ὅ</em></span> <span class='ocrx_word' id='word_1_79' title='bbox 2318 1325 2550 1411; x_wconf 83' lang='grc' dir='ltr'><strong><em>βουνὸς</em></strong></span> <span class='ocrx_word' id='word_1_80' title='bbox 2606 1317 2793 1404; x_wconf 84' lang='grc' dir='ltr'><strong><em>οὗτος</em></strong></span> 
     </span>
     <span class='ocr_line' id='line_1_11' title="bbox 562 1421 2792 1520; baseline -0.001 -22"><span class='ocrx_word' id='word_1_81' title='bbox 562 1432 676 1499; x_wconf 83' lang='grc' dir='ltr'><strong><em>καὶ</em></strong></span> <span class='ocrx_word' id='word_1_82' title='bbox 718 1429 755 1520; x_wconf 83' lang='grc' dir='ltr'><em>ἡ</em></span> <span class='ocrx_word' id='word_1_83' title='bbox 797 1430 1018 1519; x_wconf 86' lang='grc' dir='ltr'><strong><em>στήλη,</em></strong></span> <span class='ocrx_word' id='word_1_84' title='bbox 1055 1424 1130 1519; x_wconf 71' lang='grc' dir='ltr'><strong><em>ἣν</em></strong></span> <span class='ocrx_word' id='word_1_85' title='bbox 1179 1426 1420 1519; x_wconf 71' lang='grc' dir='ltr'><strong><em>ἔστησα</em></strong></span> <span class='ocrx_word' id='word_1_86' title='bbox 1462 1421 1587 1495; x_wconf 79' lang='grc' dir='ltr'><strong><em>ἆνά</em></strong></span> <span class='ocrx_word' id='word_1_87' title='bbox 1629 1429 1827 1513; x_wconf 81' lang='grc' dir='ltr'><strong><em>μέσον</em></strong></span> <span class='ocrx_word' id='word_1_88' title='bbox 1870 1428 2026 1514; x_wconf 87' lang='grc' dir='ltr'><strong><em>ἐμοῦ</em></strong></span> <span class='ocrx_word' id='word_1_89' title='bbox 2068 1428 2178 1496; x_wconf 80' lang='grc' dir='ltr'><strong><em>καὶ</em></strong></span> <span class='ocrx_word' id='word_1_90' title='bbox 2216 1433 2333 1495; x_wconf 90' lang='grc' dir='ltr'><strong><em>σοῦ</em></strong></span> <span class='ocrx_word' id='word_1_91' title='bbox 2349 1452 2363 1467; x_wconf 91' lang='grc'><em>·</em></span> <span class='ocrx_word' id='word_1_92' title='bbox 2406 1433 2712 1518; x_wconf 87' lang='grc' dir='ltr'><strong><em>μαρτυρεῖ</em></strong></span> <span class='ocrx_word' id='word_1_93' title='bbox 2755 1425 2792 1496; x_wconf 82' lang='grc' dir='ltr'><em>ὃ</em></span> 
     </span>
     <span class='ocr_line' id='line_1_12' title="bbox 562 1527 2791 1623; baseline -0.002 -21"><span class='ocrx_word' id='word_1_94' title='bbox 562 1536 795 1622; x_wconf 81' lang='grc' dir='ltr'><strong><em>βουνὸς</em></strong></span> <span class='ocrx_word' id='word_1_95' title='bbox 837 1528 1050 1617; x_wconf 79' lang='grc' dir='ltr'><strong><em>οὗτος,</em></strong></span> <span class='ocrx_word' id='word_1_96' title='bbox 1096 1532 1211 1599; x_wconf 83' lang='grc' dir='ltr'><strong><em>καὶ</em></strong></span> <span class='ocrx_word' id='word_1_97' title='bbox 1253 1538 1561 1621; x_wconf 82' lang='grc' dir='ltr'><strong><em>μαρτυρεῖ</em></strong></span> <span class='ocrx_word' id='word_1_98' title='bbox 1604 1532 1644 1621; x_wconf 82' lang='grc' dir='ltr'><em>ἡ</em></span> <span class='ocrx_word' id='word_1_99' title='bbox 1688 1528 1887 1623; x_wconf 85' lang='grc' dir='ltr'><strong><em>στήλη</em></strong></span> <span class='ocrx_word' id='word_1_100' title='bbox 1932 1532 2119 1623; x_wconf 76' lang='grc' dir='ltr'><strong><em>αῦτη·</em></strong></span> <span class='ocrx_word' id='word_1_101' title='bbox 2177 1532 2291 1601; x_wconf 79' lang='grc' dir='ltr'><strong><em>διὰ</em></strong></span> <span class='ocrx_word' id='word_1_102' title='bbox 2322 1540 2513 1601; x_wconf 87' lang='grc' dir='ltr'><strong><em>τοῦτο</em></strong></span> <span class='ocrx_word' id='word_1_103' title='bbox 2543 1527 2791 1621; x_wconf 79' lang='grc' dir='ltr'><strong><em>ἐκλήθη</em></strong></span> 
     </span>
     <span class='ocr_line' id='line_1_13' title="bbox 562 1628 2791 1729; baseline -0.001 -21"><span class='ocrx_word' id='word_1_104' title='bbox 562 1639 640 1708; x_wconf 86' lang='grc' dir='ltr'><strong><em>τὸ</em></strong></span> <span class='ocrx_word' id='word_1_105' title='bbox 684 1636 886 1725; x_wconf 70' lang='grc' dir='ltr'><strong><em>ὄνομα</em></strong></span> <span class='ocrx_word' id='word_1_106' title='bbox 909 1637 1153 1717; x_wconf 87' lang='grc' dir='ltr'><strong><em>Βουνὸς</em></strong></span> <span class='ocrx_word' id='word_1_107' title='bbox 1193 1642 1526 1725; x_wconf 88' lang='grc' dir='ltr'><strong><em>μαρτυρεῖ,</em></strong></span> <span class='ocrx_word' id='word_1_108' title='bbox 1581 1638 1769 1703; x_wconf 61' lang='grc' dir='ltr'>’19καὶ</span> <span class='ocrx_word' id='word_1_109' title='bbox 1804 1634 1845 1729; x_wconf 82' lang='grc' dir='ltr'>ᾗ</span> <span class='ocrx_word' id='word_1_110' title='bbox 1892 1635 2147 1725; x_wconf 83' lang='grc' dir='ltr'><strong><em>ὅρασις,</em></strong></span> <span class='ocrx_word' id='word_1_111' title='bbox 2188 1628 2265 1725; x_wconf 79' lang='grc' dir='ltr'><strong><em>ἣν</em></strong></span> <span class='ocrx_word' id='word_1_112' title='bbox 2306 1630 2491 1704; x_wconf 81' lang='grc' dir='ltr'><strong><em>εἶπεν</em></strong></span> <span class='ocrx_word' id='word_1_113' title='bbox 2528 1629 2791 1704; x_wconf 80' lang='grc' dir='ltr'><strong><em>Ἐπίδοι</em></strong></span> 
     </span>
     <span class='ocr_line' id='line_1_14' title="bbox 563 1734 2791 1829; baseline -0.001 -19"><span class='ocrx_word' id='word_1_114' title='bbox 563 1740 600 1810; x_wconf 82' lang='grc' dir='ltr'>ὁ</span> <span class='ocrx_word' id='word_1_115' title='bbox 645 1744 808 1822; x_wconf 82' lang='grc' dir='ltr'><strong><em>θεὸς</em></strong></span> <span class='ocrx_word' id='word_1_116' title='bbox 864 1738 982 1809; x_wconf 78' lang='grc' dir='ltr'><strong><em>ἀνὰ</em></strong></span> <span class='ocrx_word' id='word_1_117' title='bbox 1025 1739 1225 1826; x_wconf 81' lang='grc' dir='ltr'><strong><em>μέσον</em></strong></span> <span class='ocrx_word' id='word_1_118' title='bbox 1271 1740 1426 1824; x_wconf 90' lang='grc' dir='ltr'><strong><em>ἐμοῦ</em></strong></span> <span class='ocrx_word' id='word_1_119' title='bbox 1465 1740 1578 1807; x_wconf 78' lang='grc' dir='ltr'><strong><em>καὶ</em></strong></span> <span class='ocrx_word' id='word_1_120' title='bbox 1628 1748 1747 1808; x_wconf 88' lang='grc' dir='ltr'><strong><em>σοῦ</em></strong></span> <span class='ocrx_word' id='word_1_121' title='bbox 1764 1794 1779 1824; x_wconf 89' lang='grc'><strong>,</strong></span> <span class='ocrx_word' id='word_1_122' title='bbox 1840 1739 1945 1808; x_wconf 74' lang='grc' dir='ltr'><strong><em>ὅτι</em></strong></span> <span class='ocrx_word' id='word_1_123' title='bbox 1996 1734 2521 1829; x_wconf 80' lang='grc' dir='ltr'><strong><em>ἇποστησόμεθα</em></strong></span> <span class='ocrx_word' id='word_1_124' title='bbox 2574 1738 2791 1827; x_wconf 75' lang='grc' dir='ltr'><strong><em>ἕτερος</em></strong></span> 
     </span>
     <span class='ocr_line' id='line_1_15' title="bbox 562 1839 2793 1936; baseline -0.002 -22"><span class='ocrx_word' id='word_1_125' title='bbox 562 1839 674 1936; x_wconf 72' lang='grc' dir='ltr'><strong><em>ἀφ’</em></strong></span> <span class='ocrx_word' id='word_1_126' title='bbox 722 1842 957 1934; x_wconf 72' lang='grc' dir='ltr'><strong><em>ἑτέρου.</em></strong></span> <span class='ocrx_word' id='word_1_127' title='bbox 1053 1850 1114 1888; x_wconf 87' lang='lat'><strong><em>⁵⁰</em></strong></span> <span class='ocrx_word' id='word_1_128' title='bbox 1131 1843 1191 1912; x_wconf 77' lang='grc' dir='ltr'><strong><em>εἰ</em></strong></span> <span class='ocrx_word' id='word_1_129' title='bbox 1233 1840 1658 1924; x_wconf 78' lang='grc' dir='ltr'><strong><em>ταπεινώσεις</em></strong></span> <span class='ocrx_word' id='word_1_130' title='bbox 1700 1845 1819 1924; x_wconf 85' lang='grc' dir='ltr'><strong><em>τὰς</em></strong></span> <span class='ocrx_word' id='word_1_131' title='bbox 1863 1844 2231 1933; x_wconf 77' lang='grc' dir='ltr'><strong><em>θυγατέρας</em></strong></span> <span class='ocrx_word' id='word_1_132' title='bbox 2274 1870 2423 1929; x_wconf 89' lang='grc' dir='ltr'><strong><em>μου,</em></strong></span> <span class='ocrx_word' id='word_1_133' title='bbox 2488 1840 2546 1909; x_wconf 79' lang='grc' dir='ltr'><strong><em>εἰ</em></strong></span> <span class='ocrx_word' id='word_1_134' title='bbox 2587 1842 2793 1933; x_wconf 77' lang='grc' dir='ltr'><strong><em>λάβῃς</em></strong></span> 
     </span>
     <span class='ocr_line' id='line_1_16' title="bbox 562 1939 2789 2039; baseline -0.002 -21"><span class='ocrx_word' id='word_1_135' title='bbox 562 1956 862 2039; x_wconf 82' lang='grc' dir='ltr'><strong><em>γυναῖκας</em></strong></span> <span class='ocrx_word' id='word_1_136' title='bbox 901 1949 1071 2039; x_wconf 80' lang='grc' dir='ltr'><strong><em>πρὸς</em></strong></span> <span class='ocrx_word' id='word_1_137' title='bbox 1111 1954 1259 2028; x_wconf 81' lang='grc' dir='ltr'><strong><em>ταῖς</em></strong></span> <span class='ocrx_word' id='word_1_138' title='bbox 1303 1944 1673 2038; x_wconf 76' lang='grc' dir='ltr'><strong><em>θυγατράσι</em></strong></span> <span class='ocrx_word' id='word_1_139' title='bbox 1722 1973 1847 2034; x_wconf 93' lang='grc' dir='ltr'><strong><em>μου</em></strong></span> <span class='ocrx_word' id='word_1_140' title='bbox 1865 2002 1881 2032; x_wconf 92' lang='grc'><strong>,</strong></span> <span class='ocrx_word' id='word_1_141' title='bbox 1941 1948 2087 2038; x_wconf 82' lang='grc' dir='ltr'><strong><em>ὅρα,</em></strong></span> <span class='ocrx_word' id='word_1_142' title='bbox 2148 1940 2373 2028; x_wconf 80' lang='grc' dir='ltr'><strong><em>οὐθεὶς</em></strong></span> <span class='ocrx_word' id='word_1_143' title='bbox 2414 1939 2567 2032; x_wconf 82' lang='grc' dir='ltr'><strong><em>μεθ’</em></strong></span> <span class='ocrx_word' id='word_1_144' title='bbox 2613 1944 2789 2037; x_wconf 80' lang='grc' dir='ltr'><strong><em>ἡμῶν</em></strong></span> 
     </span>
     <span class='ocr_line' id='line_1_17' title="bbox 565 2048 2791 2143; baseline -0.003 -20"><span class='ocrx_word' id='word_1_145' title='bbox 565 2053 743 2123; x_wconf 73' lang='grc' dir='ltr'><strong><em>ἐστὶν</em></strong></span> <span class='ocrx_word' id='word_1_146' title='bbox 782 2050 948 2143; x_wconf 79' lang='grc' dir='ltr'><strong><em>ὁρῶν</em></strong></span> <span class='ocrx_word' id='word_1_147' title='bbox 967 2074 982 2088; x_wconf 91' lang='grc'><em>·</em></span> <span class='ocrx_word' id='word_1_148' title='bbox 1021 2052 1188 2131; x_wconf 83' lang='grc' dir='ltr'><strong><em>θεὸς</em></strong></span> <span class='ocrx_word' id='word_1_149' title='bbox 1230 2048 1472 2139; x_wconf 87' lang='grc' dir='ltr'><strong><em>μάρτυς</em></strong></span> <span class='ocrx_word' id='word_1_150' title='bbox 1512 2052 1749 2137; x_wconf 78' lang='grc' dir='ltr'><strong><em>μεταξὺ</em></strong></span> <span class='ocrx_word' id='word_1_151' title='bbox 1792 2052 1949 2137; x_wconf 88' lang='grc' dir='ltr'><strong><em>ἐμοῦ</em></strong></span> <span class='ocrx_word' id='word_1_152' title='bbox 1996 2050 2105 2118; x_wconf 82' lang='grc' dir='ltr'><strong><em>καὶ</em></strong></span> <span class='ocrx_word' id='word_1_153' title='bbox 2136 2050 2373 2137; x_wconf 79' lang='grc' dir='ltr'><strong><em>μεταξὺ</em></strong></span> <span class='ocrx_word' id='word_1_154' title='bbox 2414 2056 2547 2118; x_wconf 90' lang='grc' dir='ltr'><strong><em>σοῦ.</em></strong></span> <span class='ocrx_word' id='word_1_155' title='bbox 2607 2050 2791 2117; x_wconf 78' lang='grc' dir='ltr'><strong><em>51καὶ</em></strong></span> 
     </span>
     <span class='ocr_line' id='line_1_18' title="bbox 564 2148 2786 2245; baseline -0.001 -20"><span class='ocrx_word' id='word_1_156' title='bbox 564 2151 715 2225; x_wconf 81' lang='grc' dir='ltr'><strong><em>εἷπε</em></strong></span> <span class='ocrx_word' id='word_1_157' title='bbox 755 2152 1004 2243; x_wconf 82' lang='grc' dir='ltr'><strong><em>Λάβαν</em></strong></span> <span class='ocrx_word' id='word_1_158' title='bbox 1049 2160 1141 2242; x_wconf 78' lang='grc' dir='ltr'><strong><em>τῷ</em></strong></span> <span class='ocrx_word' id='word_1_159' title='bbox 1179 2152 1418 2241; x_wconf 76' lang='grc' dir='ltr'><strong><em>Ἰακώβ</em></strong></span> <span class='ocrx_word' id='word_1_160' title='bbox 1464 2148 1643 2223; x_wconf 80' lang='grc' dir='ltr'><strong><em>Ἰδοὺ</em></strong></span> <span class='ocrx_word' id='word_1_161' title='bbox 1686 2153 1721 2223; x_wconf 83' lang='grc' dir='ltr'><em>ὁ</em></span> <span class='ocrx_word' id='word_1_162' title='bbox 1769 2154 2004 2241; x_wconf 80' lang='grc' dir='ltr'><strong><em>βουνὸς</em></strong></span> <span class='ocrx_word' id='word_1_163' title='bbox 2062 2148 2245 2235; x_wconf 80' lang='grc' dir='ltr'><strong><em>οὗτος</em></strong></span> <span class='ocrx_word' id='word_1_164' title='bbox 2304 2155 2415 2223; x_wconf 80' lang='grc' dir='ltr'><strong><em>καὶ</em></strong></span> <span class='ocrx_word' id='word_1_165' title='bbox 2470 2152 2713 2243; x_wconf 90' lang='grc' dir='ltr'><strong><em>μάρτυς</em></strong></span> <span class='ocrx_word' id='word_1_166' title='bbox 2747 2153 2786 2245; x_wconf 84' lang='grc' dir='ltr'>ἡ</span> 
     </span>
     <span class='ocr_line' id='line_1_19' title="bbox 563 2256 2789 2352; baseline -0.002 -23"><span class='ocrx_word' id='word_1_167' title='bbox 563 2257 760 2352; x_wconf 92' lang='grc' dir='ltr'><strong><em>στήλη</em></strong></span> <span class='ocrx_word' id='word_1_168' title='bbox 808 2259 981 2350; x_wconf 79' lang='grc' dir='ltr'><strong><em>αῦτη.</em></strong></span> <span class='ocrx_word' id='word_1_169' title='bbox 1078 2256 1262 2327; x_wconf 58' lang='grc' dir='ltr'><strong><em>53ἐάν</em></strong></span> <span class='ocrx_word' id='word_1_170' title='bbox 1318 2284 1391 2325; x_wconf 91' lang='grc' dir='ltr'><strong><em>τε</em></strong></span> <span class='ocrx_word' id='word_1_171' title='bbox 1447 2259 1570 2347; x_wconf 80' lang='grc' dir='ltr'><strong><em>γὰρ</em></strong></span> <span class='ocrx_word' id='word_1_172' title='bbox 1618 2258 1743 2345; x_wconf 76' lang='grc' dir='ltr'><strong><em>ἐγὼ</em></strong></span> <span class='ocrx_word' id='word_1_173' title='bbox 1784 2259 1872 2349; x_wconf 87' lang='grc' dir='ltr'><strong><em>μὴ</em></strong></span> <span class='ocrx_word' id='word_1_174' title='bbox 1923 2260 2133 2345; x_wconf 79' lang='grc' dir='ltr'><strong><em>διαβῶ</em></strong></span> <span class='ocrx_word' id='word_1_175' title='bbox 2174 2258 2343 2349; x_wconf 83' lang='grc' dir='ltr'><strong><em>πρὸς</em></strong></span> <span class='ocrx_word' id='word_1_176' title='bbox 2391 2259 2466 2327; x_wconf 84' lang='grc' dir='ltr'><strong><em>σέ</em></strong></span> <span class='ocrx_word' id='word_1_177' title='bbox 2503 2256 2663 2349; x_wconf 87' lang='grc' dir='ltr'><strong><em>μήτε</em></strong></span> <span class='ocrx_word' id='word_1_178' title='bbox 2709 2258 2789 2325; x_wconf 82' lang='grc' dir='ltr'><strong>σύ</strong></span> 
     </span>
    </p>
   </div>
   <div class='ocr_carea' id='block_1_6' title="bbox 564 2465 2792 3406">
    <p class='ocr_par' dir='ltr' id='par_1_6' title="bbox 564 2465 2792 3406">
     <span class='ocr_line' id='line_1_20' title="bbox 706 2465 2785 2537; baseline -0.001 -14"><span class='ocrx_word' id='word_1_179' title='bbox 706 2473 737 2526; x_wconf 89' lang='grc'><strong><em>1</em></strong></span> <span class='ocrx_word' id='word_1_180' title='bbox 777 2470 864 2523; x_wconf 78' lang='grc' dir='ltr'><strong><em>ιδε</em></strong></span> <span class='ocrx_word' id='word_1_181' title='bbox 905 2479 972 2528; x_wconf 95' lang='grc'>&gt;</span> <span class='ocrx_word' id='word_1_182' title='bbox 1002 2468 1076 2534; x_wconf 88' lang='grc' dir='ltr'><strong><em>Ε,</em></strong></span> <span class='ocrx_word' id='word_1_183' title='bbox 1115 2469 1242 2522; x_wconf 70' lang='grc' dir='ltr'><strong><em>ιδοῖ)</em></strong></span> <span class='ocrx_word' id='word_1_184' title='bbox 1266 2468 1316 2522; x_wconf 90' lang='lat' dir='ltr'>D</span> <span class='ocrx_word' id='word_1_185' title='bbox 1339 2468 1456 2537; x_wconf 76' lang='lat' dir='ltr'>[GR]</span> <span class='ocrx_word' id='word_1_186' title='bbox 1477 2470 1587 2532; x_wconf 72' lang='lat' dir='ltr'><strong><em>mt,</em></strong></span> <span class='ocrx_word' id='word_1_187' title='bbox 1624 2489 1654 2520; x_wconf 92' lang='grc' dir='ltr'><strong><em>ο</em></strong></span> <span class='ocrx_word' id='word_1_188' title='bbox 1692 2468 1753 2521; x_wconf 72' lang='grc' dir='ltr'><strong><em>δε</em></strong></span> <span class='ocrx_word' id='word_1_189' title='bbox 1790 2485 1819 2521; x_wconf 87' lang='grc' dir='ltr'><strong>Ζ</strong></span> <span class='ocrx_word' id='word_1_190' title='bbox 1864 2467 1871 2536; x_wconf 96' lang='grc' dir='ltr'>Ι</span> <span class='ocrx_word' id='word_1_191' title='bbox 1917 2467 1952 2521; x_wconf 81' lang='grc'><strong>2</strong></span> <span class='ocrx_word' id='word_1_192' title='bbox 1994 2469 2119 2522; x_wconf 71' lang='lat' dir='ltr'><strong>ante</strong></span> <span class='ocrx_word' id='word_1_193' title='bbox 2163 2470 2365 2537; x_wconf 84' lang='grc' dir='ltr'><strong><em>στηλην</em></strong></span> <span class='ocrx_word' id='word_1_194' title='bbox 2394 2472 2454 2534; x_wconf 85' lang='grc' dir='ltr'>-Ι-</span> <span class='ocrx_word' id='word_1_195' title='bbox 2483 2486 2531 2521; x_wconf 83' lang='grc' dir='ltr'><strong><em>ει</em></strong></span> <span class='ocrx_word' id='word_1_196' title='bbox 2554 2467 2599 2521; x_wconf 92' lang='grc' dir='ltr'><strong>Ε</strong></span> <span class='ocrx_word' id='word_1_197' title='bbox 2622 2467 2745 2536; x_wconf 80' lang='lat' dir='ltr'><strong>[sic]</strong></span> <span class='ocrx_word' id='word_1_198' title='bbox 2778 2465 2785 2537; x_wconf 96' lang='grc' dir='ltr'>Ι</span> 
     </span>
     <span class='ocr_line' id='line_1_21' title="bbox 564 2554 2789 2628; baseline -0.004 -13"><span class='ocrx_word' id='word_1_199' title='bbox 564 2559 599 2615; x_wconf 79' lang='grc'>2</span> <span class='ocrx_word' id='word_1_200' title='bbox 635 2574 790 2614; x_wconf 82' lang='grc' dir='ltr'><strong><em>ειπεν</em></strong></span> <span class='ocrx_word' id='word_1_201' title='bbox 807 2556 962 2611; x_wconf 67' lang='grc' dir='ltr'><strong><em>ΑΕίῑ1</em></strong></span> <span class='ocrx_word' id='word_1_202' title='bbox 994 2555 1002 2626; x_wconf 95' lang='grc' dir='ltr'>Ι</span> <span class='ocrx_word' id='word_1_203' title='bbox 1034 2559 1068 2612; x_wconf 88' lang='grc'><strong>3</strong></span> <span class='ocrx_word' id='word_1_204' title='bbox 1107 2557 1421 2626; x_wconf 80' lang='grc' dir='ltr'><strong><em>συλλεγετε]</em></strong></span> <span class='ocrx_word' id='word_1_205' title='bbox 1446 2570 1827 2625; x_wconf 77' lang='grc' dir='ltr'><strong><em>συναγαγεται</em></strong></span> <span class='ocrx_word' id='word_1_206' title='bbox 1847 2572 1873 2606; x_wconf 90' lang='grc' dir='ltr'><strong>Ζ</strong></span> <span class='ocrx_word' id='word_1_207' title='bbox 1905 2554 1916 2623; x_wconf 90' lang='grc' dir='ltr'>Ι</span> <span class='ocrx_word' id='word_1_208' title='bbox 1946 2557 1981 2610; x_wconf 87' lang='lat'><strong>3</strong></span> <span class='ocrx_word' id='word_1_209' title='bbox 2000 2571 2321 2625; x_wconf 77' lang='grc' dir='ltr'><strong><em>συνηγαγον</em></strong></span> <span class='ocrx_word' id='word_1_210' title='bbox 2344 2572 2373 2612; x_wconf 92' lang='grc' dir='ltr'><strong>Ζ</strong></span> <span class='ocrx_word' id='word_1_211' title='bbox 2404 2556 2413 2620; x_wconf 88' lang='grc' dir='ltr'>Ι</span> <span class='ocrx_word' id='word_1_212' title='bbox 2442 2555 2479 2609; x_wconf 86' lang='grc'>4</span> <span class='ocrx_word' id='word_1_213' title='bbox 2502 2557 2629 2624; x_wconf 73' lang='lat' dir='ltr'><strong>post</strong></span> <span class='ocrx_word' id='word_1_214' title='bbox 2646 2573 2789 2628; x_wconf 84' lang='grc' dir='ltr'><strong><em>εφα-</em></strong></span> 
     </span>
     <span class='ocr_line' id='line_1_22' title="bbox 565 2640 2787 2716; baseline -0.002 -17"><span class='ocrx_word' id='word_1_215' title='bbox 565 2664 672 2716; x_wconf 78' lang='grc' dir='ltr'><strong><em>γον</em></strong></span> <span class='ocrx_word' id='word_1_216' title='bbox 691 2646 757 2712; x_wconf 89' lang='grc' dir='ltr'>-Ι-</span> <span class='ocrx_word' id='word_1_217' title='bbox 778 2663 872 2696; x_wconf 83' lang='grc' dir='ltr'><strong><em>και</em></strong></span> <span class='ocrx_word' id='word_1_218' title='bbox 909 2661 1072 2696; x_wconf 83' lang='grc' dir='ltr'><strong><em>επιον</em></strong></span> <span class='ocrx_word' id='word_1_219' title='bbox 1104 2641 1308 2696; x_wconf 79' lang='lat' dir='ltr'><strong>AEmtz</strong></span> <span class='ocrx_word' id='word_1_220' title='bbox 1341 2642 1350 2712; x_wconf 88' lang='grc' dir='ltr'>Ι</span> <span class='ocrx_word' id='word_1_221' title='bbox 1380 2643 1416 2697; x_wconf 88' lang='lat'>4</span> <span class='ocrx_word' id='word_1_222' title='bbox 1443 2659 1552 2696; x_wconf 80' lang='grc' dir='ltr'><strong><em>εκει</em></strong></span> <span class='ocrx_word' id='word_1_223' title='bbox 1577 2652 1645 2701; x_wconf 95' lang='grc'>&gt;</span> <span class='ocrx_word' id='word_1_224' title='bbox 1672 2641 1747 2695; x_wconf 93' lang='grc' dir='ltr'><strong><em>ΕΖ</em></strong></span> <span class='ocrx_word' id='word_1_225' title='bbox 1780 2641 1785 2709; x_wconf 96' lang='grc' dir='ltr'>Ι</span> <span class='ocrx_word' id='word_1_226' title='bbox 1816 2640 1906 2710; x_wconf 89' lang='grc'><strong><em>415</em></strong></span> <span class='ocrx_word' id='word_1_227' title='bbox 1933 2659 2030 2694; x_wconf 81' lang='grc' dir='ltr'><strong><em>τον</em></strong></span> <span class='ocrx_word' id='word_1_228' title='bbox 2064 2648 2266 2709; x_wconf 83' lang='grc' dir='ltr'><strong><em>βουνον</em></strong></span> <span class='ocrx_word' id='word_1_229' title='bbox 2290 2659 2317 2693; x_wconf 88' lang='grc' dir='ltr'><strong>Ζ</strong></span> <span class='ocrx_word' id='word_1_230' title='bbox 2350 2641 2357 2709; x_wconf 91' lang='grc' dir='ltr'>Ι</span> <span class='ocrx_word' id='word_1_231' title='bbox 2389 2642 2421 2696; x_wconf 87' lang='grc'>5</span> <span class='ocrx_word' id='word_1_232' title='bbox 2447 2644 2571 2710; x_wconf 78' lang='lat' dir='ltr'><strong>post</strong></span> <span class='ocrx_word' id='word_1_233' title='bbox 2595 2645 2695 2696; x_wconf 87' lang='grc' dir='ltr'><strong><em>νοῦ</em></strong></span> <span class='ocrx_word' id='word_1_234' title='bbox 2721 2642 2787 2708; x_wconf 73' lang='grc' dir='ltr'>-Ι-</span> 
     </span>
     <span class='ocr_line' id='line_1_23' title="bbox 568 2727 2791 2801; baseline -0.003 -16"><span class='ocrx_word' id='word_1_235' title='bbox 568 2752 659 2785; x_wconf 84' lang='grc' dir='ltr'><strong><em>και</em></strong></span> <span class='ocrx_word' id='word_1_236' title='bbox 689 2748 851 2785; x_wconf 83' lang='grc' dir='ltr'><strong><em>επιον</em></strong></span> <span class='ocrx_word' id='word_1_237' title='bbox 875 2746 902 2784; x_wconf 81' lang='lat'><strong>0</strong></span> <span class='ocrx_word' id='word_1_238' title='bbox 933 2730 943 2798; x_wconf 90' lang='grc' dir='ltr'>Ι</span> <span class='ocrx_word' id='word_1_239' title='bbox 997 2729 1086 2797; x_wconf 81' lang='grc'><strong><em>516</em></strong></span> <span class='ocrx_word' id='word_1_240' title='bbox 1113 2748 1208 2782; x_wconf 78' lang='grc' dir='ltr'><strong><em>και</em></strong></span> <span class='ocrx_word' id='word_1_241' title='bbox 1234 2728 1270 2782; x_wconf 85' lang='grc'>5</span> <span class='ocrx_word' id='word_1_242' title='bbox 1294 2743 1464 2797; x_wconf 82' lang='lat' dir='ltr'>usque</span> <span class='ocrx_word' id='word_1_243' title='bbox 1499 2727 1570 2782; x_wconf 80' lang='lat' dir='ltr'><strong><em>ad</em></strong></span> <span class='ocrx_word' id='word_1_244' title='bbox 1609 2743 1860 2799; x_wconf 83' lang='grc' dir='ltr'><strong><em>σημερον</em></strong></span> <span class='ocrx_word' id='word_1_245' title='bbox 1893 2728 1927 2782; x_wconf 90' lang='grc'>6</span> <span class='ocrx_word' id='word_1_246' title='bbox 1964 2736 2031 2785; x_wconf 95' lang='grc'>&gt;</span> <span class='ocrx_word' id='word_1_247' title='bbox 2064 2743 2092 2780; x_wconf 82' lang='lat' dir='ltr'>o</span> <span class='ocrx_word' id='word_1_248' title='bbox 2122 2727 2129 2796; x_wconf 91' lang='grc' dir='ltr'>Ι</span> <span class='ocrx_word' id='word_1_249' title='bbox 2162 2727 2194 2781; x_wconf 87' lang='grc'>5</span> <span class='ocrx_word' id='word_1_250' title='bbox 2221 2747 2515 2801; x_wconf 78' lang='grc' dir='ltr'><strong><em>μαρτυρων</em></strong></span> <span class='ocrx_word' id='word_1_251' title='bbox 2537 2745 2564 2780; x_wconf 86' lang='grc' dir='ltr'><strong>Ζ</strong></span> <span class='ocrx_word' id='word_1_252' title='bbox 2596 2728 2605 2796; x_wconf 90' lang='grc' dir='ltr'>Ι</span> <span class='ocrx_word' id='word_1_253' title='bbox 2637 2729 2668 2781; x_wconf 90' lang='grc'><strong>6</strong></span> <span class='ocrx_word' id='word_1_254' title='bbox 2696 2746 2791 2780; x_wconf 78' lang='grc' dir='ltr'><strong><em>και</em></strong></span> 
     </span>
     <span class='ocr_line' id='line_1_24' title="bbox 567 2813 2789 2886; baseline -0.002 -15"><span class='ocrx_word' id='word_1_255' title='bbox 567 2827 754 2878; x_wconf 89' lang='grc' dir='ltr'><strong><em>σου&gt;</em></strong></span> <span class='ocrx_word' id='word_1_256' title='bbox 773 2833 842 2886; x_wconf 85' lang='lat' dir='ltr'><strong><em>ay</em></strong></span> <span class='ocrx_word' id='word_1_257' title='bbox 872 2817 880 2886; x_wconf 91' lang='grc' dir='ltr'>Ι</span> <span class='ocrx_word' id='word_1_258' title='bbox 913 2817 945 2870; x_wconf 89' lang='grc'><strong>6</strong></span> <span class='ocrx_word' id='word_1_259' title='bbox 982 2836 1074 2869; x_wconf 81' lang='grc' dir='ltr'><strong><em>και</em></strong></span> <span class='ocrx_word' id='word_1_260' title='bbox 1113 2814 1393 2883; x_wconf 80' lang='grc' dir='ltr'><strong><em>εκαλεσεν]</em></strong></span> <span class='ocrx_word' id='word_1_261' title='bbox 1434 2817 1691 2868; x_wconf 81' lang='grc' dir='ltr'><strong><em>εκαλεσεν</em></strong></span> <span class='ocrx_word' id='word_1_262' title='bbox 1728 2814 1791 2866; x_wconf 75' lang='grc' dir='ltr'><strong><em>δε</em></strong></span> <span class='ocrx_word' id='word_1_263' title='bbox 1816 2813 1859 2866; x_wconf 86' lang='grc' dir='ltr'><strong>Ε</strong></span> <span class='ocrx_word' id='word_1_264' title='bbox 1892 2815 1901 2882; x_wconf 90' lang='grc' dir='ltr'>Ι</span> <span class='ocrx_word' id='word_1_265' title='bbox 1933 2816 1965 2868; x_wconf 90' lang='grc'><strong>6</strong></span> <span class='ocrx_word' id='word_1_266' title='bbox 1992 2816 2117 2866; x_wconf 79' lang='lat' dir='ltr'><strong>ante</strong></span> <span class='ocrx_word' id='word_1_267' title='bbox 2141 2815 2319 2881; x_wconf 78' lang='grc' dir='ltr'><strong><em>λαβαν</em></strong></span> <span class='ocrx_word' id='word_1_268' title='bbox 2342 2814 2401 2868; x_wconf 88' lang='lat' dir='ltr'><strong><em>in</em></strong></span> <span class='ocrx_word' id='word_1_269' title='bbox 2424 2831 2480 2868; x_wconf 90' lang='lat' dir='ltr'><strong>m</strong></span> <span class='ocrx_word' id='word_1_270' title='bbox 2498 2835 2528 2866; x_wconf 89' lang='grc' dir='ltr'><strong><em>ο</em></strong></span> <span class='ocrx_word' id='word_1_271' title='bbox 2553 2813 2789 2868; x_wconf 82' lang='lat' dir='ltr'>radendo</span> 
     </span>
     <span class='ocr_line' id='line_1_25' title="bbox 566 2899 2790 2974; baseline -0.003 -15"><span class='ocrx_word' id='word_1_272' title='bbox 566 2903 804 2959; x_wconf 77' lang='lat' dir='ltr'><strong>deletum</strong></span> <span class='ocrx_word' id='word_1_273' title='bbox 835 2904 843 2972; x_wconf 92' lang='grc' dir='ltr'>Ι</span> <span class='ocrx_word' id='word_1_274' title='bbox 875 2905 906 2957; x_wconf 97' lang='grc'>7</span> <span class='ocrx_word' id='word_1_275' title='bbox 945 2901 1113 2971; x_wconf 88' lang='lat' dir='ltr'>priori</span> <span class='ocrx_word' id='word_1_276' title='bbox 1146 2902 1262 2955; x_wconf 79' lang='lat' dir='ltr'>loco</span> <span class='ocrx_word' id='word_1_277' title='bbox 1295 2900 1607 2969; x_wconf 85' lang='grc' dir='ltr'><strong><em>βουνον.Ε,</em></strong></span> <span class='ocrx_word' id='word_1_278' title='bbox 1649 2921 1679 2952; x_wconf 92' lang='grc' dir='ltr'><strong><em>ο</em></strong></span> <span class='ocrx_word' id='word_1_279' title='bbox 1716 2907 1913 2968; x_wconf 83' lang='grc' dir='ltr'><strong><em>βουνος</em></strong></span> <span class='ocrx_word' id='word_1_280' title='bbox 1948 2902 2031 2954; x_wconf 70' lang='lat' dir='ltr'><strong><em>mt</em></strong></span> <span class='ocrx_word' id='word_1_281' title='bbox 2061 2901 2069 2970; x_wconf 95' lang='grc' dir='ltr'>Ι</span> <span class='ocrx_word' id='word_1_282' title='bbox 2115 2902 2146 2954; x_wconf 90' lang='grc'>7</span> <span class='ocrx_word' id='word_1_283' title='bbox 2184 2919 2276 2967; x_wconf 81' lang='grc' dir='ltr'><strong><em>της</em></strong></span> <span class='ocrx_word' id='word_1_284' title='bbox 2308 2920 2616 2974; x_wconf 81' lang='grc' dir='ltr'><strong><em>μαρτυριας</em></strong></span> <span class='ocrx_word' id='word_1_285' title='bbox 2650 2899 2790 2962; x_wconf 76' lang='lat' dir='ltr'><strong>abet,</strong></span> 
     </span>
     <span class='ocr_line' id='line_1_26' title="bbox 565 2986 2789 3066; baseline -0.003 -22"><span class='ocrx_word' id='word_1_286' title='bbox 565 3010 867 3066; x_wconf 83' lang='grc' dir='ltr'><strong><em>μαρτυριας</em></strong></span> <span class='ocrx_word' id='word_1_287' title='bbox 892 2989 1096 3056; x_wconf 39' lang='lat' dir='ltr'>,omisso</span> <span class='ocrx_word' id='word_1_288' title='bbox 1133 3007 1226 3054; x_wconf 84' lang='grc' dir='ltr'><strong><em>της</em></strong></span> <span class='ocrx_word' id='word_1_289' title='bbox 1263 2987 1417 3051; x_wconf 74' lang='grc' dir='ltr'><strong>ΕΠΙΖ,</strong></span> <span class='ocrx_word' id='word_1_290' title='bbox 1455 3006 1669 3059; x_wconf 83' lang='grc' dir='ltr'><strong><em>μαρτυς</em></strong></span> <span class='ocrx_word' id='word_1_291' title='bbox 1700 2986 1749 3039; x_wconf 82' lang='grc' dir='ltr'><strong>Α</strong></span> <span class='ocrx_word' id='word_1_292' title='bbox 1780 2986 1787 3054; x_wconf 95' lang='grc' dir='ltr'>Ι</span> <span class='ocrx_word' id='word_1_293' title='bbox 1820 2989 1851 3040; x_wconf 88' lang='grc'>7</span> <span class='ocrx_word' id='word_1_294' title='bbox 1894 2993 2064 3055; x_wconf 83' lang='grc' dir='ltr'><strong><em>ιακωβ</em></strong></span> <span class='ocrx_word' id='word_1_295' title='bbox 2104 2987 2188 3056; x_wconf 79' lang='grc' dir='ltr'><strong><em>δε]</em></strong></span> <span class='ocrx_word' id='word_1_296' title='bbox 2227 3007 2257 3038; x_wconf 92' lang='grc' dir='ltr'><strong><em>ο</em></strong></span> <span class='ocrx_word' id='word_1_297' title='bbox 2296 2988 2359 3040; x_wconf 82' lang='grc' dir='ltr'><strong><em>δε</em></strong></span> <span class='ocrx_word' id='word_1_298' title='bbox 2394 2993 2568 3055; x_wconf 81' lang='grc' dir='ltr'><strong><em>ιακωβ</em></strong></span> <span class='ocrx_word' id='word_1_299' title='bbox 2604 3004 2659 3051; x_wconf 84' lang='lat' dir='ltr'><strong><em>c,</em></strong></span> <span class='ocrx_word' id='word_1_300' title='bbox 2696 3006 2789 3042; x_wconf 76' lang='lat' dir='ltr'><strong><em>xm</em></strong></span> 
     </span>
     <span class='ocr_line' id='line_1_27' title="bbox 567 3072 2789 3145; baseline -0.002 -15"><span class='ocrx_word' id='word_1_301' title='bbox 567 3083 741 3145; x_wconf 82' lang='grc' dir='ltr'><strong><em>ιακωβ</em></strong></span> <span class='ocrx_word' id='word_1_302' title='bbox 776 3093 857 3140; x_wconf 88' lang='lat' dir='ltr'><strong><em>m,</em></strong></span> <span class='ocrx_word' id='word_1_303' title='bbox 897 3075 993 3130; x_wconf 82' lang='lat' dir='ltr'><strong><em>sed</em></strong></span> <span class='ocrx_word' id='word_1_304' title='bbox 1030 3075 1204 3144; x_wconf 84' lang='lat' dir='ltr'>prima</span> <span class='ocrx_word' id='word_1_305' title='bbox 1237 3090 1401 3128; x_wconf 83' lang='lat' dir='ltr'><strong>manu</strong></span> <span class='ocrx_word' id='word_1_306' title='bbox 1437 3073 1551 3143; x_wconf 82' lang='grc' dir='ltr'><strong><em>(και</em></strong></span> <span class='ocrx_word' id='word_1_307' title='bbox 1590 3089 1698 3127; x_wconf 90' lang='lat' dir='ltr'><strong><em>non</em></strong></span> <span class='ocrx_word' id='word_1_308' title='bbox 1734 3073 1931 3143; x_wconf 77' lang='lat' dir='ltr'><strong>deleto)</strong></span> <span class='ocrx_word' id='word_1_309' title='bbox 1972 3074 2036 3126; x_wconf 81' lang='grc' dir='ltr'><strong><em>δε</em></strong></span> <span class='ocrx_word' id='word_1_310' title='bbox 2074 3088 2235 3142; x_wconf 82' lang='lat' dir='ltr'>super</span> <span class='ocrx_word' id='word_1_311' title='bbox 2270 3088 2487 3127; x_wconf 81' lang='lat' dir='ltr'><strong>uersum</strong></span> <span class='ocrx_word' id='word_1_312' title='bbox 2514 3072 2789 3126; x_wconf 73' lang='lat' dir='ltr'><strong>additum.</strong></span> 
     </span>
     <span class='ocr_line' id='line_1_28' title="bbox 568 3159 2792 3234; baseline -0.002 -18"><span class='ocrx_word' id='word_1_313' title='bbox 568 3182 662 3216; x_wconf 84' lang='grc' dir='ltr'><strong><em>και</em></strong></span> <span class='ocrx_word' id='word_1_314' title='bbox 703 3169 876 3230; x_wconf 81' lang='grc' dir='ltr'><strong><em>ιακωβ</em></strong></span> <span class='ocrx_word' id='word_1_315' title='bbox 912 3163 975 3215; x_wconf 80' lang='grc' dir='ltr'><strong><em>δε</em></strong></span> <span class='ocrx_word' id='word_1_316' title='bbox 1008 3163 1036 3216; x_wconf 75' lang='lat' dir='ltr'><strong>t</strong></span> <span class='ocrx_word' id='word_1_317' title='bbox 1100 3160 1109 3231; x_wconf 92' lang='grc' dir='ltr'>Ι</span> <span class='ocrx_word' id='word_1_318' title='bbox 1176 3161 1206 3214; x_wconf 83' lang='grc'>7</span> <span class='ocrx_word' id='word_1_319' title='bbox 1246 3159 1433 3230; x_wconf 86' lang='grc' dir='ltr'><strong><em>αυτον]</em></strong></span> <span class='ocrx_word' id='word_1_320' title='bbox 1471 3179 1534 3212; x_wconf 88' lang='grc' dir='ltr'><strong><em>το</em></strong></span> <span class='ocrx_word' id='word_1_321' title='bbox 1581 3179 1769 3230; x_wconf 85' lang='grc' dir='ltr'><strong><em>ονομα</em></strong></span> <span class='ocrx_word' id='word_1_322' title='bbox 1816 3178 1983 3213; x_wconf 85' lang='grc' dir='ltr'><strong><em>αυτου</em></strong></span> <span class='ocrx_word' id='word_1_323' title='bbox 2020 3159 2065 3213; x_wconf 88' lang='grc' dir='ltr'>Ε</span> <span class='ocrx_word' id='word_1_324' title='bbox 2134 3160 2139 3228; x_wconf 95' lang='grc' dir='ltr'>Ι</span> <span class='ocrx_word' id='word_1_325' title='bbox 2210 3160 2244 3212; x_wconf 90' lang='grc'>8</span> <span class='ocrx_word' id='word_1_326' title='bbox 2277 3179 2488 3234; x_wconf 84' lang='grc' dir='ltr'><strong><em>μαρτυς</em></strong></span> <span class='ocrx_word' id='word_1_327' title='bbox 2520 3159 2792 3225; x_wconf 78' lang='lat' dir='ltr'><strong>Eabomtz,</strong></span> 
     </span>
     <span class='ocr_line' id='line_1_29' title="bbox 566 3245 2791 3321; baseline 0 -21"><span class='ocrx_word' id='word_1_328' title='bbox 566 3266 841 3321; x_wconf 82' lang='grc' dir='ltr'><strong><em>μαρτυρει</em></strong></span> <span class='ocrx_word' id='word_1_329' title='bbox 873 3247 922 3301; x_wconf 90' lang='grc' dir='ltr'><strong>Α</strong></span> <span class='ocrx_word' id='word_1_330' title='bbox 951 3248 960 3314; x_wconf 88' lang='grc' dir='ltr'>Ι</span> <span class='ocrx_word' id='word_1_331' title='bbox 990 3248 1026 3302; x_wconf 90' lang='grc'>8</span> <span class='ocrx_word' id='word_1_332' title='bbox 1061 3265 1220 3302; x_wconf 68' lang='lat' dir='ltr'><strong><em>eom—:v</em></strong></span> <span class='ocrx_word' id='word_1_333' title='bbox 1252 3245 1410 3301; x_wconf 76' lang='lat' dir='ltr'><strong><em>AEt1</em></strong></span> <span class='ocrx_word' id='word_1_334' title='bbox 1458 3248 1468 3312; x_wconf 90' lang='grc' dir='ltr'>Ι</span> <span class='ocrx_word' id='word_1_335' title='bbox 1510 3246 1546 3300; x_wconf 90' lang='grc'>8</span> <span class='ocrx_word' id='word_1_336' title='bbox 1576 3265 1651 3315; x_wconf 82' lang='grc' dir='ltr'><strong><em>τῳ</em></strong></span> <span class='ocrx_word' id='word_1_337' title='bbox 1684 3253 1856 3314; x_wconf 82' lang='grc' dir='ltr'><strong><em>ιακωβ</em></strong></span> <span class='ocrx_word' id='word_1_338' title='bbox 1890 3247 2019 3299; x_wconf 75' lang='grc' dir='ltr'><strong><em>ιδου</em></strong></span> <span class='ocrx_word' id='word_1_339' title='bbox 2053 3256 2119 3304; x_wconf 95' lang='grc'>&gt;</span> <span class='ocrx_word' id='word_1_340' title='bbox 2154 3263 2183 3300; x_wconf 84' lang='lat' dir='ltr'>c</span> <span class='ocrx_word' id='word_1_341' title='bbox 2223 3249 2235 3313; x_wconf 64' lang='grc' dir='ltr'>Ἰ</span> <span class='ocrx_word' id='word_1_342' title='bbox 2280 3247 2406 3314; x_wconf 86' lang='grc'>9110</span> <span class='ocrx_word' id='word_1_343' title='bbox 2442 3266 2535 3299; x_wconf 77' lang='grc' dir='ltr'><strong><em>και</em></strong></span> <span class='ocrx_word' id='word_1_344' title='bbox 2571 3247 2721 3315; x_wconf 80' lang='lat' dir='ltr'>prius</span> <span class='ocrx_word' id='word_1_345' title='bbox 2756 3248 2791 3301; x_wconf 90' lang='grc'><strong>9</strong></span> 
     </span>
     <span class='ocr_line' id='line_1_30' title="bbox 566 3333 2792 3406; baseline 0.001 -20"><span class='ocrx_word' id='word_1_346' title='bbox 566 3348 736 3403; x_wconf 79' lang='lat' dir='ltr'><strong>usque</strong></span> <span class='ocrx_word' id='word_1_347' title='bbox 787 3353 920 3402; x_wconf 81' lang='grc' dir='ltr'><strong><em>αυτη</em></strong></span> <span class='ocrx_word' id='word_1_348' title='bbox 964 3337 1030 3390; x_wconf 92' lang='grc'><strong><em>10</em></strong></span> <span class='ocrx_word' id='word_1_349' title='bbox 1067 3345 1134 3394; x_wconf 96' lang='grc'>&gt;</span> <span class='ocrx_word' id='word_1_350' title='bbox 1173 3349 1232 3398; x_wconf 79' lang='lat' dir='ltr'><strong><em>c,</em></strong></span> <span class='ocrx_word' id='word_1_351' title='bbox 1295 3333 1389 3402; x_wconf 86' lang='lat' dir='ltr'><strong><em>qui</em></strong></span> <span class='ocrx_word' id='word_1_352' title='bbox 1443 3333 1503 3386; x_wconf 90' lang='lat' dir='ltr'><strong><em>in</em></strong></span> <span class='ocrx_word' id='word_1_353' title='bbox 1555 3348 1739 3387; x_wconf 79' lang='lat' dir='ltr'>eorum</span> <span class='ocrx_word' id='word_1_354' title='bbox 1785 3333 1903 3387; x_wconf 78' lang='lat'>1000</span> <span class='ocrx_word' id='word_1_355' title='bbox 1940 3333 2141 3387; x_wconf 73' lang='lat' dir='ltr'><strong>sufficit</strong></span> <span class='ocrx_word' id='word_1_356' title='bbox 2182 3351 2451 3406; x_wconf 82' lang='grc' dir='ltr'><strong><em>μαρτυρει</em></strong></span> <span class='ocrx_word' id='word_1_357' title='bbox 2508 3349 2792 3405; x_wconf 81' lang='grc' dir='ltr'><strong><em>αναμεσον</em></strong></span> 
     </span>
    </p>
   </div>
   <div class='ocr_carea' id='block_1_7' title="bbox 2830 1547 2894 1594">
    <p class='ocr_par' dir='ltr' id='par_1_7' title="bbox 2830 1547 2894 1594">
     <span class='ocr_line' id='line_1_31' title="bbox 2830 1547 2894 1594; baseline 0.031 -2"><span class='ocrx_word' id='word_1_358' title='bbox 2830 1547 2894 1594; x_wconf 88' lang='grc'><strong><em>10</em></strong></span> 
     </span>
    </p>
   </div>
   <div class='ocr_carea' id='block_1_8' title="bbox 2830 2062 2893 2107">
    <p class='ocr_par' dir='ltr' id='par_1_8' title="bbox 2830 2062 2893 2107">
     <span class='ocr_line' id='line_1_32' title="bbox 2830 2062 2893 2107; baseline 0.032 -2"><span class='ocrx_word' id='word_1_359' title='bbox 2830 2062 2893 2107; x_wconf 81' lang='grc'><strong><em>15</em></strong></span> 
     </span>
    </p>
   </div>
   <div class='ocr_carea' id='block_1_9' title="bbox 568 3419 2861 3495">
    <p class='ocr_par' dir='ltr' id='par_1_9' title="bbox 568 3419 2861 3495">
     <span class='ocr_line' id='line_1_33' title="bbox 568 3419 2861 3495; baseline 0 -21"><span class='ocrx_word' id='word_1_360' title='bbox 568 3438 706 3492; x_wconf 80' lang='grc' dir='ltr'><strong><em>εμου</em></strong></span> <span class='ocrx_word' id='word_1_361' title='bbox 743 3423 854 3474; x_wconf 60' lang='grc' dir='ltr'><strong><em>καί</em></strong></span> <span class='ocrx_word' id='word_1_362' title='bbox 874 3436 976 3474; x_wconf 87' lang='grc' dir='ltr'><strong><em>σου</em></strong></span> <span class='ocrx_word' id='word_1_363' title='bbox 1000 3437 1243 3495; x_wconf 78' lang='grc' dir='ltr'><strong><em>σήμερον</em></strong></span> <span class='ocrx_word' id='word_1_364' title='bbox 1273 3419 1280 3488; x_wconf 94' lang='grc' dir='ltr'>Ι</span> <span class='ocrx_word' id='word_1_365' title='bbox 1311 3420 1345 3472; x_wconf 88' lang='lat'>9</span> <span class='ocrx_word' id='word_1_366' title='bbox 1382 3421 1507 3488; x_wconf 75' lang='lat' dir='ltr'><strong>post</strong></span> <span class='ocrx_word' id='word_1_367' title='bbox 1545 3422 1710 3486; x_wconf 85' lang='grc' dir='ltr'><strong><em>στηλη</em></strong></span> <span class='ocrx_word' id='word_1_368' title='bbox 1754 3423 1813 3485; x_wconf 79' lang='grc' dir='ltr'>-Ι-</span> <span class='ocrx_word' id='word_1_369' title='bbox 1854 3439 1987 3487; x_wconf 86' lang='grc' dir='ltr'><strong><em>αυτη</em></strong></span> <span class='ocrx_word' id='word_1_370' title='bbox 2011 3419 2060 3473; x_wconf 89' lang='lat' dir='ltr'>A</span> <span class='ocrx_word' id='word_1_371' title='bbox 2091 3422 2100 3485; x_wconf 90' lang='grc' dir='ltr'>Ι</span> <span class='ocrx_word' id='word_1_372' title='bbox 2131 3419 2165 3472; x_wconf 87' lang='grc'>9</span> <span class='ocrx_word' id='word_1_373' title='bbox 2192 3434 2423 3486; x_wconf 80' lang='grc' dir='ltr'><strong><em>εστησας</em></strong></span> <span class='ocrx_word' id='word_1_374' title='bbox 2444 3419 2543 3473; x_wconf 80' lang='lat' dir='ltr'><strong><em>Etz</em></strong></span> <span class='ocrx_word' id='word_1_375' title='bbox 2576 3422 2585 3486; x_wconf 92' lang='grc' dir='ltr'>Ι</span> <span class='ocrx_word' id='word_1_376' title='bbox 2614 3420 2649 3472; x_wconf 86' lang='grc'>9</span> <span class='ocrx_word' id='word_1_377' title='bbox 2673 3440 2792 3492; x_wconf 89' lang='grc' dir='ltr'><strong><em>μου</em></strong></span> <span class='ocrx_word' id='word_1_378' title='bbox 2858 3471 2861 3474; x_wconf 80' lang='grc'><strong><em>.</em></strong></span> 
     </span>
    </p>
   </div>
   <div class='ocr_carea' id='block_1_10' title="bbox 565 3505 2795 4532">
    <p class='ocr_par' dir='ltr' id='par_1_10' title="bbox 565 3505 2795 4532">
     <span class='ocr_line' id='line_1_34' title="bbox 569 3505 2793 3578; baseline -0 -17"><span class='ocrx_word' id='word_1_379' title='bbox 569 3505 699 3576; x_wconf 87' lang='lat' dir='ltr'><strong>[non</strong></span> <span class='ocrx_word' id='word_1_380' title='bbox 725 3507 772 3578; x_wconf 84' lang='grc' dir='ltr'><strong><em>ε]</em></strong></span> <span class='ocrx_word' id='word_1_381' title='bbox 811 3527 903 3560; x_wconf 85' lang='grc' dir='ltr'><strong><em>και</em></strong></span> <span class='ocrx_word' id='word_1_382' title='bbox 939 3522 1040 3560; x_wconf 88' lang='grc' dir='ltr'><strong><em>σου</em></strong></span> <span class='ocrx_word' id='word_1_383' title='bbox 1073 3507 1131 3560; x_wconf 88' lang='lat' dir='ltr'><strong><em>in</em></strong></span> <span class='ocrx_word' id='word_1_384' title='bbox 1165 3522 1355 3560; x_wconf 79' lang='lat' dir='ltr'>rasura</span> <span class='ocrx_word' id='word_1_385' title='bbox 1391 3522 1424 3560; x_wconf 81' lang='lat' dir='ltr'>a</span> <span class='ocrx_word' id='word_1_386' title='bbox 1460 3508 1753 3560; x_wconf 75' lang='lat' dir='ltr'>correctore</span> <span class='ocrx_word' id='word_1_387' title='bbox 1788 3505 2011 3575; x_wconf 76' lang='lat' dir='ltr'><strong>antiquo</strong></span> <span class='ocrx_word' id='word_1_388' title='bbox 2049 3505 2135 3559; x_wconf 83' lang='lat' dir='ltr'><strong><em>A:</em></strong></span> <span class='ocrx_word' id='word_1_389' title='bbox 2173 3508 2299 3560; x_wconf 75' lang='lat' dir='ltr'><strong>ante</strong></span> <span class='ocrx_word' id='word_1_390' title='bbox 2336 3525 2371 3558; x_wconf 83' lang='grc' dir='ltr'><strong><em>κ</em></strong></span> <span class='ocrx_word' id='word_1_391' title='bbox 2406 3507 2642 3576; x_wconf 79' lang='lat' dir='ltr'><strong>spatium</strong></span> <span class='ocrx_word' id='word_1_392' title='bbox 2684 3507 2793 3561; x_wconf 82' lang='lat' dir='ltr'>ele-</span> 
     </span>
     <span class='ocr_line' id='line_1_35' title="bbox 565 3593 2791 3667; baseline 0 -21"><span class='ocrx_word' id='word_1_393' title='bbox 565 3595 736 3648; x_wconf 77' lang='lat' dir='ltr'><strong>menti</strong></span> <span class='ocrx_word' id='word_1_394' title='bbox 771 3594 931 3648; x_wconf 84' lang='lat' dir='ltr'>unius</span> <span class='ocrx_word' id='word_1_395' title='bbox 965 3609 1195 3648; x_wconf 80' lang='lat' dir='ltr'>uacuum</span> <span class='ocrx_word' id='word_1_396' title='bbox 1225 3597 1234 3660; x_wconf 94' lang='grc' dir='ltr'>Ι</span> <span class='ocrx_word' id='word_1_397' title='bbox 1269 3594 1336 3649; x_wconf 90' lang='grc'><strong><em>10</em></strong></span> <span class='ocrx_word' id='word_1_398' title='bbox 1358 3593 1647 3665; x_wconf 86' lang='grc' dir='ltr'><strong><em>μαρτυρει]</em></strong></span> <span class='ocrx_word' id='word_1_399' title='bbox 1682 3611 1891 3667; x_wconf 74' lang='grc' dir='ltr'><strong><em>μάρτυς</em></strong></span> <span class='ocrx_word' id='word_1_400' title='bbox 1922 3595 2005 3646; x_wconf 72' lang='lat' dir='ltr'><strong><em>mt</em></strong></span> <span class='ocrx_word' id='word_1_401' title='bbox 2034 3593 2043 3662; x_wconf 94' lang='grc' dir='ltr'>Ι</span> <span class='ocrx_word' id='word_1_402' title='bbox 2076 3595 2141 3648; x_wconf 93' lang='grc'><strong><em>11</em></strong></span> <span class='ocrx_word' id='word_1_403' title='bbox 2167 3594 2293 3662; x_wconf 80' lang='lat' dir='ltr'><strong>post</strong></span> <span class='ocrx_word' id='word_1_404' title='bbox 2324 3611 2511 3664; x_wconf 87' lang='grc' dir='ltr'><strong><em>ονομα</em></strong></span> <span class='ocrx_word' id='word_1_405' title='bbox 2532 3595 2596 3662; x_wconf 89' lang='grc' dir='ltr'>-Ι-</span> <span class='ocrx_word' id='word_1_406' title='bbox 2618 3613 2791 3646; x_wconf 78' lang='grc' dir='ltr'><strong><em>αυτου</em></strong></span> 
     </span>
     <span class='ocr_line' id='line_1_36' title="bbox 566 3678 2791 3754; baseline -0.001 -20"><span class='ocrx_word' id='word_1_407' title='bbox 566 3681 752 3746; x_wconf 76' lang='lat' dir='ltr'>Amtz,</span> <span class='ocrx_word' id='word_1_408' title='bbox 805 3683 870 3748; x_wconf 90' lang='grc' dir='ltr'>-Ι-</span> <span class='ocrx_word' id='word_1_409' title='bbox 909 3701 1004 3734; x_wconf 79' lang='grc' dir='ltr'><strong><em>του</em></strong></span> <span class='ocrx_word' id='word_1_410' title='bbox 1050 3699 1226 3734; x_wconf 83' lang='grc' dir='ltr'><strong><em>τοπου</em></strong></span> <span class='ocrx_word' id='word_1_411' title='bbox 1271 3698 1486 3734; x_wconf 81' lang='grc' dir='ltr'><strong><em>εκεινου</em></strong></span> <span class='ocrx_word' id='word_1_412' title='bbox 1523 3679 1600 3744; x_wconf 90' lang='grc' dir='ltr'><strong><em>Ε,</em></strong></span> <span class='ocrx_word' id='word_1_413' title='bbox 1662 3681 1727 3748; x_wconf 94' lang='grc' dir='ltr'>-Ι-</span> <span class='ocrx_word' id='word_1_414' title='bbox 1764 3699 1861 3732; x_wconf 85' lang='grc' dir='ltr'><strong><em>του</em></strong></span> <span class='ocrx_word' id='word_1_415' title='bbox 1896 3698 2073 3732; x_wconf 83' lang='grc' dir='ltr'><strong><em>τοπου</em></strong></span> <span class='ocrx_word' id='word_1_416' title='bbox 2112 3695 2141 3733; x_wconf 80' lang='lat' dir='ltr'>o</span> <span class='ocrx_word' id='word_1_417' title='bbox 2208 3682 2217 3744; x_wconf 92' lang='grc' dir='ltr'>Ι</span> <span class='ocrx_word' id='word_1_418' title='bbox 2285 3679 2347 3732; x_wconf 98' lang='grc'><strong><em>11</em></strong></span> <span class='ocrx_word' id='word_1_419' title='bbox 2385 3699 2695 3754; x_wconf 83' lang='grc' dir='ltr'><strong><em>μαρτυριου</em></strong></span> <span class='ocrx_word' id='word_1_420' title='bbox 2728 3678 2791 3742; x_wconf 88' lang='grc' dir='ltr'><strong><em>Ε,</em></strong></span> 
     </span>
     <span class='ocr_line' id='line_1_37' title="bbox 565 3764 2791 3843; baseline -0.001 -23"><span class='ocrx_word' id='word_1_421' title='bbox 565 3765 876 3843; x_wconf 80' lang='grc' dir='ltr'><strong><em>μαρτύριον</em></strong></span> <span class='ocrx_word' id='word_1_422' title='bbox 911 3785 938 3820; x_wconf 85' lang='grc' dir='ltr'><strong>Ζ</strong></span> <span class='ocrx_word' id='word_1_423' title='bbox 992 3770 1001 3833; x_wconf 90' lang='grc' dir='ltr'>Ι</span> <span class='ocrx_word' id='word_1_424' title='bbox 1061 3767 1127 3821; x_wconf 90' lang='grc'><strong><em>11</em></strong></span> <span class='ocrx_word' id='word_1_425' title='bbox 1162 3786 1196 3833; x_wconf 89' lang='grc' dir='ltr'><strong><em>η</em></strong></span> <span class='ocrx_word' id='word_1_426' title='bbox 1226 3776 1294 3825; x_wconf 98' lang='grc'>&gt;</span> <span class='ocrx_word' id='word_1_427' title='bbox 1330 3767 1374 3820; x_wconf 85' lang='grc' dir='ltr'><strong>Ε</strong></span> <span class='ocrx_word' id='word_1_428' title='bbox 1431 3767 1440 3835; x_wconf 90' lang='grc' dir='ltr'>Ι</span> <span class='ocrx_word' id='word_1_429' title='bbox 1497 3767 1562 3821; x_wconf 90' lang='grc'><strong><em>11</em></strong></span> <span class='ocrx_word' id='word_1_430' title='bbox 1602 3765 1781 3834; x_wconf 86' lang='grc' dir='ltr'><strong><em>ειπεν]</em></strong></span> <span class='ocrx_word' id='word_1_431' title='bbox 1818 3765 1943 3818; x_wconf 82' lang='grc' dir='ltr'><strong><em>ιδον</em></strong></span> <span class='ocrx_word' id='word_1_432' title='bbox 1976 3766 2026 3818; x_wconf 94' lang='lat' dir='ltr'>D</span> <span class='ocrx_word' id='word_1_433' title='bbox 2055 3764 2170 3835; x_wconf 78' lang='lat' dir='ltr'><strong>[GR]</strong></span> <span class='ocrx_word' id='word_1_434' title='bbox 2192 3805 2207 3830; x_wconf 88' lang='lat'><strong><em>,</em></strong></span> <span class='ocrx_word' id='word_1_435' title='bbox 2261 3765 2414 3818; x_wconf 82' lang='grc' dir='ltr'><strong><em>ειδεν</em></strong></span> <span class='ocrx_word' id='word_1_436' title='bbox 2449 3764 2526 3829; x_wconf 87' lang='grc' dir='ltr'><strong><em>Ε,</em></strong></span> <span class='ocrx_word' id='word_1_437' title='bbox 2566 3782 2723 3838; x_wconf 59' lang='lat' dir='ltr'><em>scaev</em></span> <span class='ocrx_word' id='word_1_438' title='bbox 2760 3787 2791 3818; x_wconf 94' lang='grc' dir='ltr'><strong><em>ο</em></strong></span> 
     </span>
     <span class='ocr_line' id='line_1_38' title="bbox 567 3849 2792 3925; baseline -0 -19"><span class='ocrx_word' id='word_1_439' title='bbox 567 3859 697 3914; x_wconf 81' lang='grc' dir='ltr'><strong><em>θεος</em></strong></span> <span class='ocrx_word' id='word_1_440' title='bbox 733 3870 763 3906; x_wconf 96' lang='grc' dir='ltr'><strong>Ζ</strong></span> <span class='ocrx_word' id='word_1_441' title='bbox 794 3851 804 3924; x_wconf 95' lang='grc' dir='ltr'>Ι</span> <span class='ocrx_word' id='word_1_442' title='bbox 836 3854 900 3907; x_wconf 90' lang='grc'><strong><em>11</em></strong></span> <span class='ocrx_word' id='word_1_443' title='bbox 939 3854 1137 3925; x_wconf 82' lang='grc' dir='ltr'><strong><em>εφιδοι</em></strong></span> <span class='ocrx_word' id='word_1_444' title='bbox 1176 3851 1252 3916; x_wconf 85' lang='grc' dir='ltr'><strong><em>Α,</em></strong></span> <span class='ocrx_word' id='word_1_445' title='bbox 1291 3852 1506 3905; x_wconf 82' lang='grc' dir='ltr'><strong><em>επειδοι</em></strong></span> <span class='ocrx_word' id='word_1_446' title='bbox 1543 3868 1602 3906; x_wconf 82' lang='lat' dir='ltr'><strong><em>cz</em></strong></span> <span class='ocrx_word' id='word_1_447' title='bbox 1633 3853 1642 3919; x_wconf 94' lang='grc' dir='ltr'>Ι</span> <span class='ocrx_word' id='word_1_448' title='bbox 1676 3851 1743 3904; x_wconf 88' lang='grc'>13</span> <span class='ocrx_word' id='word_1_449' title='bbox 1780 3871 1865 3922; x_wconf 85' lang='grc' dir='ltr'><strong><em>αφ</em></strong></span> <span class='ocrx_word' id='word_1_450' title='bbox 1900 3849 1959 3915; x_wconf 92' lang='lat' dir='ltr'><strong><em>b,</em></strong></span> <span class='ocrx_word' id='word_1_451' title='bbox 1994 3869 2108 3924; x_wconf 79' lang='grc' dir='ltr'><strong><em>απο</em></strong></span> <span class='ocrx_word' id='word_1_452' title='bbox 2146 3871 2242 3904; x_wconf 81' lang='grc' dir='ltr'><strong><em>του</em></strong></span> <span class='ocrx_word' id='word_1_453' title='bbox 2279 3849 2378 3904; x_wconf 90' lang='lat' dir='ltr'><strong><em>AD</em></strong></span> <span class='ocrx_word' id='word_1_454' title='bbox 2410 3851 2529 3920; x_wconf 77' lang='lat' dir='ltr'><strong>[GR]</strong></span> <span class='ocrx_word' id='word_1_455' title='bbox 2552 3850 2792 3921; x_wconf 77' lang='lat' dir='ltr'><strong>Eomtyz,</strong></span> 
     </span>
     <span class='ocr_line' id='line_1_39' title="bbox 565 3936 2793 4008; baseline -0.001 -15"><span class='ocrx_word' id='word_1_456' title='bbox 565 3959 668 3994; x_wconf 83' lang='grc' dir='ltr'><strong><em>του</em></strong></span> <span class='ocrx_word' id='word_1_457' title='bbox 704 3955 738 3994; x_wconf 81' lang='lat' dir='ltr'><strong>a</strong></span> <span class='ocrx_word' id='word_1_458' title='bbox 767 3941 777 4007; x_wconf 93' lang='grc' dir='ltr'>Ι</span> <span class='ocrx_word' id='word_1_459' title='bbox 811 3941 878 3994; x_wconf 86' lang='grc'><strong><em>13</em></strong></span> <span class='ocrx_word' id='word_1_460' title='bbox 915 3954 1260 4005; x_wconf 83' lang='grc' dir='ltr'><strong><em>ταπεινωσης</em></strong></span> <span class='ocrx_word' id='word_1_461' title='bbox 1297 3954 1326 3992; x_wconf 79' lang='lat' dir='ltr'>o</span> <span class='ocrx_word' id='word_1_462' title='bbox 1355 3938 1364 4008; x_wconf 98' lang='grc' dir='ltr'>Ι</span> <span class='ocrx_word' id='word_1_463' title='bbox 1399 3939 1464 3994; x_wconf 86' lang='grc'><strong><em>13</em></strong></span> <span class='ocrx_word' id='word_1_464' title='bbox 1500 3941 1667 4005; x_wconf 84' lang='grc' dir='ltr'><strong><em>λαβης</em></strong></span> <span class='ocrx_word' id='word_1_465' title='bbox 1699 3936 1877 4008; x_wconf 78' lang='lat' dir='ltr'>Eboy‚</span> <span class='ocrx_word' id='word_1_466' title='bbox 1916 3940 2106 4006; x_wconf 80' lang='grc' dir='ltr'><strong><em>λαβηις</em></strong></span> <span class='ocrx_word' id='word_1_467' title='bbox 2142 3939 2251 4001; x_wconf 71' lang='lat' dir='ltr'><strong><em>mt,</em></strong></span> <span class='ocrx_word' id='word_1_468' title='bbox 2290 3940 2485 4005; x_wconf 83' lang='grc' dir='ltr'><strong><em>λαβοις</em></strong></span> <span class='ocrx_word' id='word_1_469' title='bbox 2513 3937 2563 3990; x_wconf 92' lang='lat' dir='ltr'>D</span> <span class='ocrx_word' id='word_1_470' title='bbox 2602 3937 2719 4008; x_wconf 77' lang='lat' dir='ltr'><strong>[GR]</strong></span> <span class='ocrx_word' id='word_1_471' title='bbox 2748 3955 2793 4001; x_wconf 87' lang='grc' dir='ltr'><strong><em>Ζ,</em></strong></span> 
     </span>
     <span class='ocr_line' id='line_1_40' title="bbox 568 4023 2786 4098; baseline -0.001 -20"><span class='ocrx_word' id='word_1_472' title='bbox 568 4029 759 4098; x_wconf 81' lang='grc' dir='ltr'><strong><em>λημψη</em></strong></span> <span class='ocrx_word' id='word_1_473' title='bbox 798 4025 875 4090; x_wconf 88' lang='grc' dir='ltr'><strong><em>Α,</em></strong></span> <span class='ocrx_word' id='word_1_474' title='bbox 917 4028 1061 4095; x_wconf 79' lang='grc' dir='ltr'><strong><em>ληψη</em></strong></span> <span class='ocrx_word' id='word_1_475' title='bbox 1101 4041 1136 4080; x_wconf 79' lang='lat' dir='ltr'><strong>a</strong></span> <span class='ocrx_word' id='word_1_476' title='bbox 1166 4026 1173 4095; x_wconf 95' lang='grc' dir='ltr'>Ι</span> <span class='ocrx_word' id='word_1_477' title='bbox 1208 4025 1275 4079; x_wconf 94' lang='grc'><strong><em>14</em></strong></span> <span class='ocrx_word' id='word_1_478' title='bbox 1311 4043 1550 4094; x_wconf 80' lang='grc' dir='ltr'><strong><em>γυναικα</em></strong></span> <span class='ocrx_word' id='word_1_479' title='bbox 1586 4040 1620 4078; x_wconf 84' lang='lat' dir='ltr'>a</span> <span class='ocrx_word' id='word_1_480' title='bbox 1650 4024 1659 4094; x_wconf 93' lang='grc' dir='ltr'>Ι</span> <span class='ocrx_word' id='word_1_481' title='bbox 1693 4026 1760 4082; x_wconf 87' lang='grc'><strong><em>14</em></strong></span> <span class='ocrx_word' id='word_1_482' title='bbox 1798 4044 1935 4096; x_wconf 88' lang='grc' dir='ltr'><strong><em>προς</em></strong></span> <span class='ocrx_word' id='word_1_483' title='bbox 1972 4023 2042 4092; x_wconf 87' lang='lat' dir='ltr'><strong><em>b,</em></strong></span> <span class='ocrx_word' id='word_1_484' title='bbox 2079 4041 2173 4077; x_wconf 84' lang='grc' dir='ltr'><strong><em>επι</em></strong></span> <span class='ocrx_word' id='word_1_485' title='bbox 2208 4023 2307 4078; x_wconf 90' lang='lat' dir='ltr'><strong><em>AD</em></strong></span> <span class='ocrx_word' id='word_1_486' title='bbox 2337 4024 2447 4094; x_wconf 73' lang='lat' dir='ltr'>[Gn]</span> <span class='ocrx_word' id='word_1_487' title='bbox 2486 4024 2741 4093; x_wconf 75' lang='lat' dir='ltr'><strong>anmtyz</strong></span> <span class='ocrx_word' id='word_1_488' title='bbox 2778 4023 2786 4094; x_wconf 96' lang='grc' dir='ltr'>Ι</span> 
     </span>
     <span class='ocr_line' id='line_1_41' title="bbox 570 4109 2795 4186; baseline 0 -22"><span class='ocrx_word' id='word_1_489' title='bbox 570 4113 639 4168; x_wconf 82' lang='lat'>14</span> <span class='ocrx_word' id='word_1_490' title='bbox 659 4131 756 4171; x_wconf 82' lang='grc' dir='ltr'><strong><em>τας</em></strong></span> <span class='ocrx_word' id='word_1_491' title='bbox 779 4131 806 4164; x_wconf 93' lang='grc' dir='ltr'><strong>Ζ</strong></span> <span class='ocrx_word' id='word_1_492' title='bbox 839 4113 845 4182; x_wconf 94' lang='grc' dir='ltr'>Ι</span> <span class='ocrx_word' id='word_1_493' title='bbox 881 4113 949 4167; x_wconf 94' lang='grc'><strong><em>14</em></strong></span> <span class='ocrx_word' id='word_1_494' title='bbox 983 4119 1332 4186; x_wconf 80' lang='grc' dir='ltr'><strong><em>θυγατρασιν</em></strong></span> <span class='ocrx_word' id='word_1_495' title='bbox 1367 4109 1460 4164; x_wconf 87' lang='grc' dir='ltr'><strong><em>ΑΕ</em></strong></span> <span class='ocrx_word' id='word_1_496' title='bbox 1493 4111 1501 4180; x_wconf 93' lang='grc' dir='ltr'>Ι</span> <span class='ocrx_word' id='word_1_497' title='bbox 1549 4112 1617 4166; x_wconf 87' lang='grc'><strong><em>14</em></strong></span> <span class='ocrx_word' id='word_1_498' title='bbox 1654 4112 1837 4168; x_wconf 78' lang='grc' dir='ltr'><strong><em>ουδεις</em></strong></span> <span class='ocrx_word' id='word_1_499' title='bbox 1870 4111 1944 4163; x_wconf 90' lang='grc' dir='ltr'><strong><em>ΕΖ</em></strong></span> <span class='ocrx_word' id='word_1_500' title='bbox 1985 4113 1995 4180; x_wconf 92' lang='grc' dir='ltr'>Ι</span> <span class='ocrx_word' id='word_1_501' title='bbox 2038 4109 2191 4180; x_wconf 84' lang='grc'>15117</span> <span class='ocrx_word' id='word_1_502' title='bbox 2228 4129 2371 4182; x_wconf 83' lang='grc' dir='ltr'><strong><em>ορων</em></strong></span> <span class='ocrx_word' id='word_1_503' title='bbox 2406 4111 2473 4167; x_wconf 90' lang='grc'><strong><em>15</em></strong></span> <span class='ocrx_word' id='word_1_504' title='bbox 2514 4125 2685 4180; x_wconf 81' lang='lat' dir='ltr'><strong>usqne</strong></span> <span class='ocrx_word' id='word_1_505' title='bbox 2723 4110 2795 4165; x_wconf 79' lang='lat' dir='ltr'><strong><em>ad</em></strong></span> 
     </span>
     <span class='ocr_line' id='line_1_42' title="bbox 569 4196 2794 4269; baseline 0 -19"><span class='ocrx_word' id='word_1_506' title='bbox 569 4215 678 4266; x_wconf 80' lang='grc' dir='ltr'><strong><em>εγω</em></strong></span> <span class='ocrx_word' id='word_1_507' title='bbox 705 4200 770 4252; x_wconf 98' lang='grc'><strong><em>17</em></strong></span> <span class='ocrx_word' id='word_1_508' title='bbox 797 4199 993 4253; x_wconf 79' lang='lat' dir='ltr'><strong>desunt</strong></span> <span class='ocrx_word' id='word_1_509' title='bbox 1028 4198 1086 4252; x_wconf 90' lang='lat' dir='ltr'><strong><em>in</em></strong></span> <span class='ocrx_word' id='word_1_510' title='bbox 1110 4199 1159 4252; x_wconf 94' lang='lat' dir='ltr'>D</span> <span class='ocrx_word' id='word_1_511' title='bbox 1194 4197 1302 4268; x_wconf 74' lang='lat' dir='ltr'><strong>[Gn]</strong></span> <span class='ocrx_word' id='word_1_512' title='bbox 1339 4197 1346 4268; x_wconf 92' lang='grc' dir='ltr'>Ι</span> <span class='ocrx_word' id='word_1_513' title='bbox 1382 4197 1534 4268; x_wconf 83' lang='grc'>15117</span> <span class='ocrx_word' id='word_1_514' title='bbox 1563 4212 1699 4266; x_wconf 84' lang='lat' dir='ltr'>quae</span> <span class='ocrx_word' id='word_1_515' title='bbox 1723 4198 1867 4251; x_wconf 79' lang='lat' dir='ltr'>inter</span> <span class='ocrx_word' id='word_1_516' title='bbox 1890 4215 2034 4269; x_wconf 85' lang='grc' dir='ltr'><strong><em>ορων</em></strong></span> <span class='ocrx_word' id='word_1_517' title='bbox 2060 4196 2126 4251; x_wconf 83' lang='lat'>15</span> <span class='ocrx_word' id='word_1_518' title='bbox 2154 4198 2212 4250; x_wconf 75' lang='lat' dir='ltr'><strong><em>et</em></strong></span> <span class='ocrx_word' id='word_1_519' title='bbox 2237 4216 2370 4264; x_wconf 82' lang='grc' dir='ltr'><strong><em>αυτη</em></strong></span> <span class='ocrx_word' id='word_1_520' title='bbox 2399 4197 2463 4252; x_wconf 89' lang='grc'><strong><em>17</em></strong></span> <span class='ocrx_word' id='word_1_521' title='bbox 2492 4198 2695 4262; x_wconf 78' lang='lat' dir='ltr'>media,</span> <span class='ocrx_word' id='word_1_522' title='bbox 2722 4205 2794 4256; x_wconf 95' lang='lat'>&gt;</span> 
     </span>
     <span class='ocr_line' id='line_1_43' title="bbox 566 4282 2794 4358; baseline -0.001 -22"><span class='ocrx_word' id='word_1_523' title='bbox 566 4282 808 4354; x_wconf 77' lang='lat' dir='ltr'><strong>AEmtyz</strong></span> <span class='ocrx_word' id='word_1_524' title='bbox 839 4285 848 4352; x_wconf 93' lang='grc' dir='ltr'>Ι</span> <span class='ocrx_word' id='word_1_525' title='bbox 883 4285 948 4340; x_wconf 88' lang='grc'><strong><em>15</em></strong></span> <span class='ocrx_word' id='word_1_526' title='bbox 985 4303 1127 4358; x_wconf 82' lang='grc' dir='ltr'><strong><em>ορων</em></strong></span> <span class='ocrx_word' id='word_1_527' title='bbox 1154 4295 1222 4344; x_wconf 94' lang='grc'>&gt;</span> <span class='ocrx_word' id='word_1_528' title='bbox 1259 4301 1288 4338; x_wconf 83' lang='lat' dir='ltr'>c</span> <span class='ocrx_word' id='word_1_529' title='bbox 1319 4287 1328 4350; x_wconf 89' lang='grc' dir='ltr'>Ι</span> <span class='ocrx_word' id='word_1_530' title='bbox 1363 4286 1427 4340; x_wconf 83' lang='grc'><strong><em>15</em></strong></span> <span class='ocrx_word' id='word_1_531' title='bbox 1462 4286 1588 4338; x_wconf 73' lang='lat' dir='ltr'>ante</span> <span class='ocrx_word' id='word_1_532' title='bbox 1627 4289 1759 4344; x_wconf 86' lang='grc' dir='ltr'><strong><em>θεος</em></strong></span> <span class='ocrx_word' id='word_1_533' title='bbox 1796 4284 1860 4351; x_wconf 88' lang='grc' dir='ltr'>-Ι-</span> <span class='ocrx_word' id='word_1_534' title='bbox 1903 4302 1933 4335; x_wconf 92' lang='grc' dir='ltr'><strong><em>ο</em></strong></span> <span class='ocrx_word' id='word_1_535' title='bbox 1971 4299 2000 4336; x_wconf 80' lang='lat' dir='ltr'>c</span> <span class='ocrx_word' id='word_1_536' title='bbox 2028 4285 2037 4348; x_wconf 90' lang='grc' dir='ltr'>Ι</span> <span class='ocrx_word' id='word_1_537' title='bbox 2071 4282 2225 4349; x_wconf 88' lang='grc'>15116</span> <span class='ocrx_word' id='word_1_538' title='bbox 2263 4302 2478 4354; x_wconf 85' lang='grc' dir='ltr'><strong><em>μαρτυς</em></strong></span> <span class='ocrx_word' id='word_1_539' title='bbox 2510 4297 2794 4354; x_wconf 82' lang='grc' dir='ltr'><strong><em>αναμεσον</em></strong></span> 
     </span>
     <span class='ocr_line' id='line_1_44' title="bbox 569 4368 2791 4444; baseline 0 -22"><span class='ocrx_word' id='word_1_540' title='bbox 569 4387 710 4436; x_wconf 83' lang='grc' dir='ltr'><strong><em>εμου</em></strong></span> <span class='ocrx_word' id='word_1_541' title='bbox 746 4389 838 4422; x_wconf 83' lang='grc' dir='ltr'><strong><em>και</em></strong></span> <span class='ocrx_word' id='word_1_542' title='bbox 874 4385 975 4423; x_wconf 86' lang='grc' dir='ltr'><strong><em>σου</em></strong></span> <span class='ocrx_word' id='word_1_543' title='bbox 1011 4390 1106 4423; x_wconf 83' lang='grc' dir='ltr'><strong><em>και</em></strong></span> <span class='ocrx_word' id='word_1_544' title='bbox 1143 4388 1266 4424; x_wconf 83' lang='grc' dir='ltr'><strong><em>ειπε</em></strong></span> <span class='ocrx_word' id='word_1_545' title='bbox 1311 4386 1340 4424; x_wconf 80' lang='lat' dir='ltr'>o</span> <span class='ocrx_word' id='word_1_546' title='bbox 1402 4372 1412 4438; x_wconf 93' lang='grc' dir='ltr'>Ι</span> <span class='ocrx_word' id='word_1_547' title='bbox 1478 4371 1543 4425; x_wconf 90' lang='grc'><strong><em>16</em></strong></span> <span class='ocrx_word' id='word_1_548' title='bbox 1577 4369 1801 4438; x_wconf 80' lang='grc' dir='ltr'><strong><em>βουνος]</em></strong></span> <span class='ocrx_word' id='word_1_549' title='bbox 1839 4384 2015 4442; x_wconf 87' lang='grc' dir='ltr'><strong><em>σωρος</em></strong></span> <span class='ocrx_word' id='word_1_550' title='bbox 2048 4384 2081 4422; x_wconf 80' lang='lat' dir='ltr'><strong>a</strong></span> <span class='ocrx_word' id='word_1_551' title='bbox 2150 4371 2160 4434; x_wconf 90' lang='grc' dir='ltr'>Ι</span> <span class='ocrx_word' id='word_1_552' title='bbox 2226 4369 2292 4423; x_wconf 92' lang='grc'><strong><em>16</em></strong></span> <span class='ocrx_word' id='word_1_553' title='bbox 2338 4388 2548 4444; x_wconf 87' lang='grc' dir='ltr'><strong><em>μαρτυς</em></strong></span> <span class='ocrx_word' id='word_1_554' title='bbox 2582 4379 2650 4428; x_wconf 94' lang='grc'>&gt;</span> <span class='ocrx_word' id='word_1_555' title='bbox 2690 4385 2719 4422; x_wconf 83' lang='lat' dir='ltr'>c</span> <span class='ocrx_word' id='word_1_556' title='bbox 2782 4368 2791 4437; x_wconf 93' lang='grc' dir='ltr'>Ι</span> 
     </span>
     <span class='ocr_line' id='line_1_45' title="bbox 570 4455 2793 4532; baseline -0.001 -22"><span class='ocrx_word' id='word_1_557' title='bbox 570 4455 634 4510; x_wconf 80' lang='grc'><strong><em>17</em></strong></span> <span class='ocrx_word' id='word_1_558' title='bbox 671 4457 798 4524; x_wconf 72' lang='lat' dir='ltr'><strong>post</strong></span> <span class='ocrx_word' id='word_1_559' title='bbox 833 4458 1001 4524; x_wconf 82' lang='grc' dir='ltr'><strong><em>στηλη</em></strong></span> <span class='ocrx_word' id='word_1_560' title='bbox 1028 4457 1094 4525; x_wconf 78' lang='grc' dir='ltr'>-Ι-</span> <span class='ocrx_word' id='word_1_561' title='bbox 1119 4475 1187 4523; x_wconf 83' lang='grc' dir='ltr'><strong><em>ην</em></strong></span> <span class='ocrx_word' id='word_1_562' title='bbox 1223 4470 1422 4523; x_wconf 80' lang='grc' dir='ltr'><strong><em>εστησα</em></strong></span> <span class='ocrx_word' id='word_1_563' title='bbox 1461 4471 1753 4527; x_wconf 83' lang='grc' dir='ltr'><strong><em>αναμεσον</em></strong></span> <span class='ocrx_word' id='word_1_564' title='bbox 1798 4472 1937 4526; x_wconf 84' lang='grc' dir='ltr'><strong><em>εμου</em></strong></span> <span class='ocrx_word' id='word_1_565' title='bbox 1978 4473 2071 4508; x_wconf 82' lang='grc' dir='ltr'><strong><em>και</em></strong></span> <span class='ocrx_word' id='word_1_566' title='bbox 2104 4469 2228 4522; x_wconf 88' lang='grc' dir='ltr'><strong><em>σου,</em></strong></span> <span class='ocrx_word' id='word_1_567' title='bbox 2265 4471 2553 4532; x_wconf 81' lang='grc' dir='ltr'><strong><em>μαρτυρει.</em></strong></span> <span class='ocrx_word' id='word_1_568' title='bbox 2595 4475 2627 4509; x_wconf 92' lang='grc' dir='ltr'><strong><em>ο</em></strong></span> <span class='ocrx_word' id='word_1_569' title='bbox 2652 4462 2793 4528; x_wconf 73' lang='grc' dir='ltr'><strong><em>βου-</em></strong></span> 
     </span>
    </p>
   </div>
  </div>
 </body>
</html>
