<?xml version="1.0" encoding="UTF-8"?>
<!DOCTYPE html PUBLIC "-//W3C//DTD XHTML 1.0 Transitional//EN"
    "http://www.w3.org/TR/xhtml1/DTD/xhtml1-transitional.dtd">
<html xmlns="http://www.w3.org/1999/xhtml" xml:lang="en" lang="en">
 <head>
  <title>
</title>
<meta http-equiv="Content-Type" content="text/html;charset=utf-8" />
  <meta name='ocr-system' content='tesseract 3.04.00' />
  <meta name='ocr-capabilities' content='ocr_page ocr_carea ocr_par ocr_line ocrx_word'/>
</head>
<body>
  <div class='ocr_page' id='page_1' title='image "./genesisgraeceef00unkngoog_0307.png"; bbox 0 0 3169 4941; ppageno 0'>
   <div class='ocr_carea' id='block_1_1' title="bbox 569 459 642 522">
    <p class='ocr_par' dir='ltr' id='par_1_1' title="bbox 569 459 642 522">
     <span class='ocr_line' id='line_1_1' title="bbox 569 459 642 522; baseline 0.014 -1"><span class='ocrx_word' id='word_1_1' title='bbox 569 459 642 522; x_wconf 76' lang='lat'><strong>34</strong></span> 
     </span>
    </p>
   </div>
   <div class='ocr_carea' id='block_1_2' title="bbox 562 619 2911 3835">
    <p class='ocr_par' dir='ltr' id='par_1_2' title="bbox 569 619 2869 796">
     <span class='ocr_line' id='line_1_2' title="bbox 569 619 2869 709; baseline -0.001 -19"><span class='ocrx_word' id='word_1_2' title='bbox 569 625 714 691; x_wconf 84' lang='lat' dir='ltr'><strong>inde</strong></span> <span class='ocrx_word' id='word_1_3' title='bbox 769 643 968 709; x_wconf 90' lang='lat' dir='ltr'><strong>usque</strong></span> <span class='ocrx_word' id='word_1_4' title='bbox 1028 624 1107 690; x_wconf 87' lang='lat' dir='ltr'><strong>ad</strong></span> <span class='ocrx_word' id='word_1_5' title='bbox 1159 626 1441 690; x_wconf 87' lang='lat' dir='ltr'><strong>montem</strong></span> <span class='ocrx_word' id='word_1_6' title='bbox 1491 624 1698 692; x_wconf 87' lang='lat' dir='ltr'><strong>Moria</strong></span> <span class='ocrx_word' id='word_1_7' title='bbox 1757 625 1862 690; x_wconf 84' lang='lat' dir='ltr'><strong>uix</strong></span> <span class='ocrx_word' id='word_1_8' title='bbox 1918 622 2105 689; x_wconf 87' lang='lat' dir='ltr'><strong>unius</strong></span> <span class='ocrx_word' id='word_1_9' title='bbox 2174 622 2298 688; x_wconf 84' lang='lat' dir='ltr'><strong>diei</strong></span> <span class='ocrx_word' id='word_1_10' title='bbox 2354 622 2476 688; x_wconf 85' lang='lat' dir='ltr'><strong>iter</strong></span> <span class='ocrx_word' id='word_1_11' title='bbox 2534 619 2797 706; x_wconf 90' lang='lat' dir='ltr'><strong>plenum</strong></span> <span class='ocrx_word' id='word_1_12' title='bbox 2839 633 2869 687; x_wconf 94' lang='lat'>1</span> 
     </span>
     <span class='ocr_line' id='line_1_3' title="bbox 572 732 673 796; baseline -0.01 0"><span class='ocrx_word' id='word_1_13' title='bbox 572 732 673 796; x_wconf 90' lang='lat' dir='ltr'><strong>sit.</strong></span> 
     </span>
    </p>

    <p class='ocr_par' dir='ltr' id='par_1_3' title="bbox 563 833 2901 2793">
     <span class='ocr_line' id='line_1_4' title="bbox 745 833 2795 916; baseline -0.002 -18"><span class='ocrx_word' id='word_1_14' title='bbox 745 837 828 898; x_wconf 80' lang='lat' dir='ltr'><strong>Et</strong></span> <span class='ocrx_word' id='word_1_15' title='bbox 869 836 1134 898; x_wconf 78' lang='lat' dir='ltr'><strong>eleuauit</strong></span> <span class='ocrx_word' id='word_1_16' title='bbox 1169 833 1481 898; x_wconf 80' lang='lat' dir='ltr'><strong>Abraham</strong></span> <span class='ocrx_word' id='word_1_17' title='bbox 1526 838 1728 899; x_wconf 75' lang='lat' dir='ltr'><strong>oculos</strong></span> <span class='ocrx_word' id='word_1_18' title='bbox 1781 855 1950 910; x_wconf 66' lang='lat' dir='ltr'><strong>succ,</strong></span> <span class='ocrx_word' id='word_1_19' title='bbox 2006 838 2063 898; x_wconf 82' lang='lat' dir='ltr'><strong>et</strong></span> <span class='ocrx_word' id='word_1_20' title='bbox 2104 855 2230 897; x_wconf 78' lang='lat' dir='ltr'><strong>ecoe</strong></span> <span class='ocrx_word' id='word_1_21' title='bbox 2274 836 2436 896; x_wconf 75' lang='lat' dir='ltr'><strong>arz’es</strong></span> <span class='ocrx_word' id='word_1_22' title='bbox 2483 837 2629 916; x_wconf 71' lang='lat' dir='ltr'><strong>post</strong></span> <span class='ocrx_word' id='word_1_23' title='bbox 2680 836 2795 893; x_wconf 80' lang='lat' dir='ltr'><strong>ter-</strong></span> 
     </span>
     <span class='ocr_line' id='line_1_5' title="bbox 563 933 2795 1024; baseline -0.002 -22"><span class='ocrx_word' id='word_1_24' title='bbox 563 961 711 1024; x_wconf 72' lang='lat' dir='ltr'><strong>yum</strong></span> <span class='ocrx_word' id='word_1_25' title='bbox 767 943 897 1002; x_wconf 72' lang='lat' dir='ltr'><strong>eius</strong></span> <span class='ocrx_word' id='word_1_26' title='bbox 948 940 1255 1002; x_wconf 78' lang='lat' dir='ltr'><strong>tenebatur</strong></span> <span class='ocrx_word' id='word_1_27' title='bbox 1297 943 1361 1001; x_wconf 80' lang='lat' dir='ltr'><strong>in</strong></span> <span class='ocrx_word' id='word_1_28' title='bbox 1421 942 1694 1022; x_wconf 63' lang='lat' dir='ltr'><strong>uim-ulto</strong></span> <span class='ocrx_word' id='word_1_29' title='bbox 1736 941 1945 1002; x_wconf 75' lang='lat' dir='ltr'><strong>sabech</strong></span> <span class='ocrx_word' id='word_1_30' title='bbox 1989 941 2268 1002; x_wconf 74' lang='lat' dir='ltr'><strong>comibus</strong></span> <span class='ocrx_word' id='word_1_31' title='bbox 2310 941 2455 1000; x_wconf 72' lang='lat' dir='ltr'><strong>suis.</strong></span> <span class='ocrx_word' id='word_1_32' title='bbox 2560 933 2795 998; x_wconf 87' lang='lat' dir='ltr'><strong>ridicu-</strong></span> 
     </span>
     <span class='ocr_line' id='line_1_6' title="bbox 569 1039 2869 1118; baseline -0.003 -10"><span class='ocrx_word' id='word_1_33' title='bbox 569 1042 701 1108; x_wconf 87' lang='lat' dir='ltr'><strong>lam</strong></span> <span class='ocrx_word' id='word_1_34' title='bbox 741 1061 877 1107; x_wconf 91' lang='lat' dir='ltr'><strong>rem</strong></span> <span class='ocrx_word' id='word_1_35' title='bbox 933 1040 1000 1105; x_wconf 92' lang='lat' dir='ltr'><strong>in</strong></span> <span class='ocrx_word' id='word_1_36' title='bbox 1050 1041 1171 1107; x_wconf 86' lang='lat' dir='ltr'><strong>hoe</strong></span> <span class='ocrx_word' id='word_1_37' title='bbox 1216 1042 1355 1106; x_wconf 89' lang='grc'>1060</span> <span class='ocrx_word' id='word_1_38' title='bbox 1401 1043 1713 1108; x_wconf 88' lang='lat' dir='ltr'><strong>emisenus</strong></span> <span class='ocrx_word' id='word_1_39' title='bbox 1758 1041 2063 1106; x_wconf 74' lang='lat' dir='ltr'>Eusebius</span> <span class='ocrx_word' id='word_1_40' title='bbox 2110 1043 2207 1106; x_wconf 90' lang='lat' dir='ltr'><strong>est</strong></span> <span class='ocrx_word' id='word_1_41' title='bbox 2247 1039 2497 1104; x_wconf 89' lang='lat' dir='ltr'><strong>locutus</strong></span> <span class='ocrx_word' id='word_1_42' title='bbox 2517 1089 2532 1118; x_wconf 90' lang='lat'><strong>,</strong></span> <span class='ocrx_word' id='word_1_43' title='bbox 2586 1040 2795 1101; x_wconf 76' lang='lat' dir='ltr'><strong>sabech</strong></span> <span class='ocrx_word' id='word_1_44' title='bbox 2832 1049 2869 1102; x_wconf 85' lang='lat'>5</span> 
     </span>
     <span class='ocr_line' id='line_1_7' title="bbox 571 1143 2798 1231; baseline -0.004 -20"><span class='ocrx_word' id='word_1_45' title='bbox 571 1147 860 1231; x_wconf 73' lang='lat' dir='ltr'>inquiens</span> <span class='ocrx_word' id='word_1_46' title='bbox 926 1147 1153 1210; x_wconf 79' lang='lat' dir='ltr'><strong>dicitur</strong></span> <span class='ocrx_word' id='word_1_47' title='bbox 1209 1149 1416 1210; x_wconf 74' lang='lat' dir='ltr'><strong>hircus</strong></span> <span class='ocrx_word' id='word_1_48' title='bbox 1431 1196 1449 1225; x_wconf 90' lang='lat'><em>,</em></span> <span class='ocrx_word' id='word_1_49' title='bbox 1532 1151 1643 1230; x_wconf 79' lang='lat' dir='ltr'><strong>qui</strong></span> <span class='ocrx_word' id='word_1_50' title='bbox 1686 1152 1865 1210; x_wconf 70' lang='lat' dir='ltr'><strong>rectis·</strong></span> <span class='ocrx_word' id='word_1_51' title='bbox 1904 1149 2185 1211; x_wconf 77' lang='lat' dir='ltr'><strong>cornibus</strong></span> <span class='ocrx_word' id='word_1_52' title='bbox 2238 1151 2294 1209; x_wconf 79' lang='lat' dir='ltr'><strong>et</strong></span> <span class='ocrx_word' id='word_1_53' title='bbox 2339 1145 2418 1207; x_wconf 82' lang='lat' dir='ltr'><strong>ad</strong></span> <span class='ocrx_word' id='word_1_54' title='bbox 2471 1143 2798 1227; x_wconf 73' lang='lat' dir='ltr'><strong>carpendas</strong></span> 
     </span>
     <span class='ocr_line' id='line_1_8' title="bbox 570 1247 2795 1332; baseline -0.004 -15"><span class='ocrx_word' id='word_1_55' title='bbox 570 1255 806 1317; x_wconf 73' lang='lat' dir='ltr'><strong>arboris</strong></span> <span class='ocrx_word' id='word_1_56' title='bbox 839 1251 1097 1332; x_wconf 74' lang='lat' dir='ltr'><strong>frondes</strong></span> <span class='ocrx_word' id='word_1_57' title='bbox 1149 1253 1428 1314; x_wconf 69' lang='lat' dir='ltr'><strong>sublimis</strong></span> <span class='ocrx_word' id='word_1_58' title='bbox 1485 1253 1804 1314; x_wconf 76' lang='lat' dir='ltr'><em>attollitur.</em></span> <span class='ocrx_word' id='word_1_59' title='bbox 1926 1268 2143 1314; x_wconf 84' lang='lat' dir='ltr'><strong>rursus</strong></span> <span class='ocrx_word' id='word_1_60' title='bbox 2188 1247 2421 1332; x_wconf 85' lang='lat' dir='ltr'><strong>Aquila</strong></span> <span class='ocrx_word' id='word_1_61' title='bbox 2480 1247 2795 1326; x_wconf 78' lang='grc' dir='ltr'><strong><em>συχνεῶνα</em></strong></span> 
     </span>
     <span class='ocr_line' id='line_1_9' title="bbox 572 1350 2795 1440; baseline -0.003 -20"><span class='ocrx_word' id='word_1_62' title='bbox 572 1356 1025 1440; x_wconf 85' lang='lat' dir='ltr'><strong>interpretatus</strong></span> <span class='ocrx_word' id='word_1_63' title='bbox 1097 1356 1224 1432; x_wconf 86' lang='lat' dir='ltr'><strong>est,</strong></span> <span class='ocrx_word' id='word_1_64' title='bbox 1296 1373 1484 1438; x_wconf 90' lang='lat' dir='ltr'><strong>quem</strong></span> <span class='ocrx_word' id='word_1_65' title='bbox 1542 1374 1658 1420; x_wconf 87' lang='lat' dir='ltr'><strong>nos</strong></span> <span class='ocrx_word' id='word_1_66' title='bbox 1717 1373 1976 1438; x_wconf 90' lang='lat' dir='ltr'><strong>ueprem</strong></span> <span class='ocrx_word' id='word_1_67' title='bbox 2034 1372 2366 1437; x_wconf 87' lang='lat' dir='ltr'><strong>possumus</strong></span> <span class='ocrx_word' id='word_1_68' title='bbox 2426 1350 2630 1416; x_wconf 80' lang='lat' dir='ltr'>dicere</span> <span class='ocrx_word' id='word_1_69' title='bbox 2686 1350 2795 1414; x_wconf 91' lang='lat' dir='ltr'><strong>uel</strong></span> 
     </span>
     <span class='ocr_line' id='line_1_10' title="bbox 571 1454 2793 1543; baseline -0.003 -18"><span class='ocrx_word' id='word_1_70' title='bbox 571 1461 886 1543; x_wconf 88' lang='lat' dir='ltr'><strong>spinetum</strong></span> <span class='ocrx_word' id='word_1_71' title='bbox 946 1460 1012 1523; x_wconf 89' lang='lat' dir='ltr'><strong>et</strong></span> <span class='ocrx_word' id='word_1_72' title='bbox 1074 1460 1172 1543; x_wconf 89' lang='lat' dir='ltr'><strong>(ut</strong></span> <span class='ocrx_word' id='word_1_73' title='bbox 1211 1458 1391 1524; x_wconf 87' lang='lat' dir='ltr'><strong>uerbi</strong></span> <span class='ocrx_word' id='word_1_74' title='bbox 1430 1459 1564 1522; x_wconf 92' lang='lat' dir='ltr'><strong>uim</strong></span> <span class='ocrx_word' id='word_1_75' title='bbox 1608 1458 2123 1543; x_wconf 77' lang='lat' dir='ltr'><strong>interpretemur)</strong></span> <span class='ocrx_word' id='word_1_76' title='bbox 2168 1457 2483 1524; x_wconf 83' lang='lat' dir='ltr'><strong>condensa</strong></span> <span class='ocrx_word' id='word_1_77' title='bbox 2526 1458 2591 1520; x_wconf 90' lang='lat' dir='ltr'><strong>et</strong></span> <span class='ocrx_word' id='word_1_78' title='bbox 2629 1454 2793 1518; x_wconf 88' lang='lat' dir='ltr'><strong>inter</strong></span> 
     </span>
     <span class='ocr_line' id='line_1_11' title="bbox 571 1559 2901 1647; baseline -0.003 -18"><span class='ocrx_word' id='word_1_79' title='bbox 571 1583 637 1629; x_wconf 87' lang='lat' dir='ltr'><strong>se</strong></span> <span class='ocrx_word' id='word_1_80' title='bbox 682 1562 954 1646; x_wconf 85' lang='lat' dir='ltr'><strong>implexa</strong></span> <span class='ocrx_word' id='word_1_81' title='bbox 997 1561 1297 1646; x_wconf 86' lang='lat' dir='ltr'><strong>uirgulta.</strong></span> <span class='ocrx_word' id='word_1_82' title='bbox 1365 1561 1530 1627; x_wconf 85' lang='lat' dir='ltr'><strong>unde</strong></span> <span class='ocrx_word' id='word_1_83' title='bbox 1579 1565 1643 1628; x_wconf 90' lang='lat' dir='ltr'><strong>et</strong></span> <span class='ocrx_word' id='word_1_84' title='bbox 1685 1561 2097 1647; x_wconf 84' lang='lat' dir='ltr'><strong>Symmachus</strong></span> <span class='ocrx_word' id='word_1_85' title='bbox 2141 1563 2209 1627; x_wconf 89' lang='lat' dir='ltr'><strong>in</strong></span> <span class='ocrx_word' id='word_1_86' title='bbox 2255 1559 2519 1628; x_wconf 86' lang='lat' dir='ltr'><strong>eandem</strong></span> <span class='ocrx_word' id='word_1_87' title='bbox 2562 1559 2789 1624; x_wconf 82' lang='lat' dir='ltr'><strong>duetus</strong></span> <span class='ocrx_word' id='word_1_88' title='bbox 2829 1562 2901 1618; x_wconf 90' lang='lat'><strong>10</strong></span> 
     </span>
     <span class='ocr_line' id='line_1_12' title="bbox 575 1667 2796 1752; baseline -0.003 -20"><span class='ocrx_word' id='word_1_89' title='bbox 575 1667 929 1750; x_wconf 84' lang='lat' dir='ltr'><strong>opinionem</strong></span> <span class='ocrx_word' id='word_1_90' title='bbox 977 1673 1034 1731; x_wconf 83' lang='lat' dir='ltr'><strong>et</strong></span> <span class='ocrx_word' id='word_1_91' title='bbox 1093 1671 1378 1752; x_wconf 76' lang='lat' dir='ltr'><strong>apparuit</strong></span> <span class='ocrx_word' id='word_1_92' title='bbox 1419 1667 1508 1732; x_wconf 79' lang='lat' dir='ltr'><strong>ait</strong></span> <span class='ocrx_word' id='word_1_93' title='bbox 1557 1672 1719 1731; x_wconf 56' lang='lat' dir='ltr'><strong>artes·</strong></span> <span class='ocrx_word' id='word_1_94' title='bbox 1748 1675 1893 1752; x_wconf 72' lang='lat' dir='ltr'><strong>post</strong></span> <span class='ocrx_word' id='word_1_95' title='bbox 1944 1671 2053 1732; x_wconf 77' lang='lat' dir='ltr'><strong>hoc</strong></span> <span class='ocrx_word' id='word_1_96' title='bbox 2093 1673 2355 1731; x_wconf 70' lang='lat' dir='ltr'><strong>retentus</strong></span> <span class='ocrx_word' id='word_1_97' title='bbox 2396 1670 2459 1728; x_wconf 79' lang='lat' dir='ltr'><strong>in</strong></span> <span class='ocrx_word' id='word_1_98' title='bbox 2504 1669 2629 1729; x_wconf 75' lang='lat' dir='ltr'><strong>rete</strong></span> <span class='ocrx_word' id='word_1_99' title='bbox 2670 1685 2796 1728; x_wconf 82' lang='lat' dir='ltr'><strong>cor-</strong></span> 
     </span>
     <span class='ocr_line' id='line_1_13' title="bbox 568 1767 2795 1855; baseline -0.002 -19"><span class='ocrx_word' id='word_1_100' title='bbox 568 1776 745 1836; x_wconf 72' lang='lat' dir='ltr'><strong>nibus</strong></span> <span class='ocrx_word' id='word_1_101' title='bbox 788 1776 931 1835; x_wconf 73' lang='lat' dir='ltr'><strong>suis.</strong></span> <span class='ocrx_word' id='word_1_102' title='bbox 1035 1790 1256 1835; x_wconf 89' lang='lat' dir='ltr'><strong>uerum</strong></span> <span class='ocrx_word' id='word_1_103' title='bbox 1302 1770 1675 1855; x_wconf 87' lang='lat' dir='ltr'><strong>quibusdam</strong></span> <span class='ocrx_word' id='word_1_104' title='bbox 1727 1772 1792 1835; x_wconf 89' lang='lat' dir='ltr'><strong>in</strong></span> <span class='ocrx_word' id='word_1_105' title='bbox 1849 1773 1968 1837; x_wconf 92' lang='lat' dir='ltr'><strong>hoc</strong></span> <span class='ocrx_word' id='word_1_106' title='bbox 2016 1772 2341 1838; x_wconf 76' lang='lat' dir='ltr'><strong>dumtaxat</strong></span> <span class='ocrx_word' id='word_1_107' title='bbox 2386 1771 2525 1835; x_wconf 93' lang='grc'>1060</span> <span class='ocrx_word' id='word_1_108' title='bbox 2568 1767 2795 1834; x_wconf 89' lang='lat' dir='ltr'><strong>melius</strong></span> 
     </span>
     <span class='ocr_line' id='line_1_14' title="bbox 569 1873 2797 1958; baseline -0.002 -17"><span class='ocrx_word' id='word_1_109' title='bbox 569 1875 861 1941; x_wconf 84' lang='lat' dir='ltr'><strong>uidentur</strong></span> <span class='ocrx_word' id='word_1_110' title='bbox 916 1875 1313 1958; x_wconf 86' lang='lat' dir='ltr'><strong>interpretati</strong></span> <span class='ocrx_word' id='word_1_111' title='bbox 1379 1893 1515 1940; x_wconf 87' lang='lat' dir='ltr'><strong>esse</strong></span> <span class='ocrx_word' id='word_1_112' title='bbox 1572 1875 1745 1941; x_wconf 86' lang='lat' dir='ltr'><strong>LXX</strong></span> <span class='ocrx_word' id='word_1_113' title='bbox 1805 1878 1870 1941; x_wconf 89' lang='lat' dir='ltr'><strong>et</strong></span> <span class='ocrx_word' id='word_1_114' title='bbox 1936 1875 2355 1954; x_wconf 83' lang='lat' dir='ltr'><strong>Theodotion‚</strong></span> <span class='ocrx_word' id='word_1_115' title='bbox 2431 1873 2540 1958; x_wconf 89' lang='lat' dir='ltr'><strong>qui</strong></span> <span class='ocrx_word' id='word_1_116' title='bbox 2589 1873 2797 1957; x_wconf 90' lang='lat' dir='ltr'><strong>ipsum</strong></span> 
     </span>
     <span class='ocr_line' id='line_1_15' title="bbox 571 1979 2799 2064; baseline -0.001 -21"><span class='ocrx_word' id='word_1_117' title='bbox 571 1998 800 2045; x_wconf 91' lang='lat' dir='ltr'><strong>nomen</strong></span> <span class='ocrx_word' id='word_1_118' title='bbox 844 1983 1054 2043; x_wconf 72' lang='lat' dir='ltr'><strong>sabech</strong></span> <span class='ocrx_word' id='word_1_119' title='bbox 1094 1980 1468 2062; x_wconf 87' lang='lat' dir='ltr'><strong>posuerunt,</strong></span> <span class='ocrx_word' id='word_1_120' title='bbox 1530 1979 1809 2045; x_wconf 86' lang='lat' dir='ltr'><strong>dicentes</strong></span> <span class='ocrx_word' id='word_1_121' title='bbox 1849 1985 1913 2043; x_wconf 79' lang='lat' dir='ltr'><strong>in</strong></span> <span class='ocrx_word' id='word_1_122' title='bbox 1958 1984 2228 2064; x_wconf 64' lang='lat' dir='ltr'><strong>uirgulto</strong></span> <span class='ocrx_word' id='word_1_123' title='bbox 2267 1983 2474 2044; x_wconf 75' lang='lat' dir='ltr'><strong>sabech</strong></span> <span class='ocrx_word' id='word_1_124' title='bbox 2520 1980 2799 2042; x_wconf 71' lang='lat' dir='ltr'><strong>cornibus</strong></span> 
     </span>
     <span class='ocr_line' id='line_1_16' title="bbox 568 2081 2899 2168; baseline 0 -22"><span class='ocrx_word' id='word_1_125' title='bbox 568 2089 728 2148; x_wconf 74' lang='lat' dir='ltr'><strong>suis:</strong></span> <span class='ocrx_word' id='word_1_126' title='bbox 779 2083 1014 2148; x_wconf 89' lang='lat' dir='ltr'><strong>etenim</strong></span> <span class='ocrx_word' id='word_1_127' title='bbox 1053 2084 1328 2162; x_wconf 74' lang='grc' dir='ltr'><em>σιχνεών</em></span> <span class='ocrx_word' id='word_1_128' title='bbox 1370 2083 1502 2147; x_wconf 88' lang='lat' dir='ltr'><strong>siue</strong></span> <span class='ocrx_word' id='word_1_129' title='bbox 1547 2085 1713 2162; x_wconf 87' lang='lat' dir='ltr'><strong>rete,</strong></span> <span class='ocrx_word' id='word_1_130' title='bbox 1761 2084 1927 2168; x_wconf 88' lang='lat' dir='ltr'><strong>quod</strong></span> <span class='ocrx_word' id='word_1_131' title='bbox 1970 2083 2207 2168; x_wconf 88' lang='lat' dir='ltr'><strong>Aquila</strong></span> <span class='ocrx_word' id='word_1_132' title='bbox 2244 2083 2455 2167; x_wconf 80' lang='lat' dir='ltr'><strong>posuit</strong></span> <span class='ocrx_word' id='word_1_133' title='bbox 2496 2083 2561 2147; x_wconf 92' lang='lat' dir='ltr'><strong>et</strong></span> <span class='ocrx_word' id='word_1_134' title='bbox 2604 2081 2786 2164; x_wconf 84' lang='lat' dir='ltr'><strong>Sym-</strong></span> <span class='ocrx_word' id='word_1_135' title='bbox 2830 2085 2899 2140; x_wconf 87' lang='lat'><strong>15</strong></span> 
     </span>
     <span class='ocr_line' id='line_1_17' title="bbox 567 2185 2789 2270; baseline -0.002 -16"><span class='ocrx_word' id='word_1_136' title='bbox 567 2188 859 2266; x_wconf 85' lang='lat' dir='ltr'><strong>machus,</strong></span> <span class='ocrx_word' id='word_1_137' title='bbox 903 2206 1015 2270; x_wconf 92' lang='lat' dir='ltr'><strong>per</strong></span> <span class='ocrx_word' id='word_1_138' title='bbox 1049 2186 1146 2251; x_wconf 90' lang='lat' dir='ltr'><strong>sin</strong></span> <span class='ocrx_word' id='word_1_139' title='bbox 1191 2186 1441 2252; x_wconf 76' lang='lat' dir='ltr'><strong>literam</strong></span> <span class='ocrx_word' id='word_1_140' title='bbox 1487 2187 1708 2266; x_wconf 79' lang='lat' dir='ltr'><strong>scribi,</strong></span> <span class='ocrx_word' id='word_1_141' title='bbox 1754 2188 1859 2252; x_wconf 86' lang='lat' dir='ltr'><strong>hic</strong></span> <span class='ocrx_word' id='word_1_142' title='bbox 1898 2206 2048 2252; x_wconf 83' lang='lat' dir='ltr'><strong>uero</strong></span> <span class='ocrx_word' id='word_1_143' title='bbox 2083 2188 2336 2254; x_wconf 85' lang='lat' dir='ltr'><strong>samech</strong></span> <span class='ocrx_word' id='word_1_144' title='bbox 2380 2185 2633 2252; x_wconf 87' lang='lat' dir='ltr'><strong>literam</strong></span> <span class='ocrx_word' id='word_1_145' title='bbox 2674 2204 2789 2268; x_wconf 87' lang='lat' dir='ltr'><strong>po-</strong></span> 
     </span>
     <span class='ocr_line' id='line_1_18' title="bbox 568 2287 2791 2377; baseline -0.003 -20"><span class='ocrx_word' id='word_1_146' title='bbox 568 2293 793 2367; x_wconf 86' lang='lat' dir='ltr'><strong>sitam:</strong></span> <span class='ocrx_word' id='word_1_147' title='bbox 850 2310 923 2356; x_wconf 85' lang='lat' dir='ltr'><strong>ex</strong></span> <span class='ocrx_word' id='word_1_148' title='bbox 982 2309 1103 2374; x_wconf 91' lang='lat' dir='ltr'><strong>quo</strong></span> <span class='ocrx_word' id='word_1_149' title='bbox 1147 2291 1553 2357; x_wconf 83' lang='lat' dir='ltr'><strong>manifestum</strong></span> <span class='ocrx_word' id='word_1_150' title='bbox 1616 2311 1751 2357; x_wconf 87' lang='lat' dir='ltr'><strong>esse</strong></span> <span class='ocrx_word' id='word_1_151' title='bbox 1812 2311 1936 2356; x_wconf 89' lang='lat' dir='ltr'><strong>non</strong></span> <span class='ocrx_word' id='word_1_152' title='bbox 1994 2291 2583 2377; x_wconf 74' lang='lat' dir='ltr'><strong>interpretationem</strong></span> <span class='ocrx_word' id='word_1_153' title='bbox 2638 2287 2791 2353; x_wconf 86' lang='lat' dir='ltr'><strong>stir—</strong></span> 
     </span>
     <span class='ocr_line' id='line_1_19' title="bbox 567 2389 2791 2479; baseline -0.001 -20"><span class='ocrx_word' id='word_1_154' title='bbox 567 2395 742 2479; x_wconf 87' lang='lat' dir='ltr'><strong>pium</strong></span> <span class='ocrx_word' id='word_1_155' title='bbox 807 2395 1263 2460; x_wconf 86' lang='lat' dir='ltr'><strong>oondensarum</strong></span> <span class='ocrx_word' id='word_1_156' title='bbox 1327 2397 1391 2460; x_wconf 89' lang='lat' dir='ltr'><strong>et</strong></span> <span class='ocrx_word' id='word_1_157' title='bbox 1454 2389 1521 2460; x_wconf 88' lang='lat' dir='ltr'><strong>in</strong></span> <span class='ocrx_word' id='word_1_158' title='bbox 1589 2396 1848 2461; x_wconf 85' lang='lat' dir='ltr'><strong>modum</strong></span> <span class='ocrx_word' id='word_1_159' title='bbox 1910 2397 2063 2462; x_wconf 86' lang='lat' dir='ltr'><strong>retis</strong></span> <span class='ocrx_word' id='word_1_160' title='bbox 2134 2397 2303 2461; x_wconf 89' lang='lat' dir='ltr'><strong>inter</strong></span> <span class='ocrx_word' id='word_1_161' title='bbox 2370 2414 2436 2460; x_wconf 90' lang='lat' dir='ltr'><strong>se</strong></span> <span class='ocrx_word' id='word_1_162' title='bbox 2510 2390 2791 2478; x_wconf 81' lang='lat' dir='ltr'><strong>uirgulta</strong></span> 
     </span>
     <span class='ocr_line' id='line_1_20' title="bbox 568 2496 2791 2585; baseline -0.002 -21"><span class='ocrx_word' id='word_1_163' title='bbox 568 2501 861 2565; x_wconf 84' lang='lat' dir='ltr'><strong>contexta</strong></span> <span class='ocrx_word' id='word_1_164' title='bbox 903 2500 1170 2564; x_wconf 89' lang='lat' dir='ltr'><strong>uerbum</strong></span> <span class='ocrx_word' id='word_1_165' title='bbox 1229 2504 1469 2580; x_wconf 71' lang='lat' dir='ltr'><strong>sabech,</strong></span> <span class='ocrx_word' id='word_1_166' title='bbox 1541 2500 1652 2567; x_wconf 85' lang='lat' dir='ltr'><strong>sed</strong></span> <span class='ocrx_word' id='word_1_167' title='bbox 1713 2520 1944 2567; x_wconf 90' lang='lat' dir='ltr'><strong>nomen</strong></span> <span class='ocrx_word' id='word_1_168' title='bbox 1990 2522 2211 2568; x_wconf 90' lang='lat' dir='ltr'><strong>sonare</strong></span> <span class='ocrx_word' id='word_1_169' title='bbox 2248 2500 2565 2585; x_wconf 70' lang='lat' dir='ltr'><strong>-mrgulti‚</strong></span> <span class='ocrx_word' id='word_1_170' title='bbox 2625 2496 2791 2580; x_wconf 87' lang='lat' dir='ltr'><strong>quod</strong></span> 
     </span>
     <span class='ocr_line' id='line_1_21' title="bbox 567 2601 2901 2691; baseline -0.003 -20"><span class='ocrx_word' id='word_1_171' title='bbox 567 2604 662 2671; x_wconf 87' lang='lat' dir='ltr'><strong>ita</strong></span> <span class='ocrx_word' id='word_1_172' title='bbox 699 2603 992 2669; x_wconf 85' lang='lat' dir='ltr'><strong>hebraice</strong></span> <span class='ocrx_word' id='word_1_173' title='bbox 1039 2604 1314 2669; x_wconf 82' lang='lat' dir='ltr'><strong>dicitur.-</strong></span> <span class='ocrx_word' id='word_1_174' title='bbox 1377 2623 1492 2689; x_wconf 87' lang='lat' dir='ltr'><strong>ego</strong></span> <span class='ocrx_word' id='word_1_175' title='bbox 1537 2624 1689 2670; x_wconf 89' lang='lat' dir='ltr'><strong>uero</strong></span> <span class='ocrx_word' id='word_1_176' title='bbox 1733 2603 2067 2691; x_wconf 85' lang='lat' dir='ltr'><strong>diligenter</strong></span> <span class='ocrx_word' id='word_1_177' title='bbox 2111 2606 2432 2691; x_wconf 87' lang='lat' dir='ltr'><strong>inquirens</strong></span> <span class='ocrx_word' id='word_1_178' title='bbox 2474 2601 2788 2683; x_wconf 69' lang='grc' dir='ltr'><em>σνχνεῶνα</em></span> <span class='ocrx_word' id='word_1_179' title='bbox 2825 2612 2901 2665; x_wconf 77' lang='lat'><strong>20</strong></span> 
     </span>
     <span class='ocr_line' id='line_1_22' title="bbox 569 2706 2083 2793; baseline 0.001 -20"><span class='ocrx_word' id='word_1_180' title='bbox 569 2727 682 2790; x_wconf 91' lang='lat' dir='ltr'><strong>per</strong></span> <span class='ocrx_word' id='word_1_181' title='bbox 724 2708 977 2774; x_wconf 85' lang='lat' dir='ltr'><strong>samech</strong></span> <span class='ocrx_word' id='word_1_182' title='bbox 1019 2706 1276 2773; x_wconf 86' lang='lat' dir='ltr'><strong>literam</strong></span> <span class='ocrx_word' id='word_1_183' title='bbox 1321 2708 1511 2774; x_wconf 88' lang='lat' dir='ltr'><strong>scribi</strong></span> <span class='ocrx_word' id='word_1_184' title='bbox 1556 2709 1773 2775; x_wconf 87' lang='lat' dir='ltr'><strong>crebro</strong></span> <span class='ocrx_word' id='word_1_185' title='bbox 1819 2710 2083 2793; x_wconf 91' lang='lat' dir='ltr'><strong>repperi.</strong></span> 
     </span>
    </p>

    <p class='ocr_par' dir='ltr' id='par_1_4' title="bbox 565 2811 2908 3627">
     <span class='ocr_line' id='line_1_23' title="bbox 742 2811 2792 2893; baseline -0.001 -17"><span class='ocrx_word' id='word_1_186' title='bbox 742 2816 825 2876; x_wconf 76' lang='lat' dir='ltr'><strong>Et</strong></span> <span class='ocrx_word' id='word_1_187' title='bbox 870 2816 1112 2876; x_wconf 79' lang='lat' dir='ltr'><strong>uocauit</strong></span> <span class='ocrx_word' id='word_1_188' title='bbox 1156 2811 1467 2876; x_wconf 79' lang='lat' dir='ltr'><strong>Abraham</strong></span> <span class='ocrx_word' id='word_1_189' title='bbox 1508 2836 1717 2878; x_wconf 80' lang='lat' dir='ltr'><strong>nomen</strong></span> <span class='ocrx_word' id='word_1_190' title='bbox 1775 2816 1898 2879; x_wconf 77' lang='lat' dir='ltr'><strong>loci</strong></span> <span class='ocrx_word' id='word_1_191' title='bbox 1948 2817 2127 2879; x_wconf 74' lang='lat' dir='ltr'><strong>illius</strong></span> <span class='ocrx_word' id='word_1_192' title='bbox 2178 2814 2503 2893; x_wconf 73' lang='lat' dir='ltr'><strong>„dominus</strong></span> <span class='ocrx_word' id='word_1_193' title='bbox 2556 2811 2722 2874; x_wconf 79' lang='lat' dir='ltr'><strong>uidet</strong></span> <span class='ocrx_word' id='word_1_194' title='bbox 2739 2814 2792 2888; x_wconf 86' lang='lat'><strong>“‚</strong></span> 
     </span>
     <span class='ocr_line' id='line_1_24' title="bbox 566 2913 2793 3001; baseline -0.002 -19"><span class='ocrx_word' id='word_1_195' title='bbox 566 2923 635 2982; x_wconf 80' lang='lat' dir='ltr'><strong>ut</strong></span> <span class='ocrx_word' id='word_1_196' title='bbox 683 2918 882 2981; x_wconf 78' lang='lat' dir='ltr'><strong>dicant</strong></span> <span class='ocrx_word' id='word_1_197' title='bbox 925 2917 1100 2980; x_wconf 78' lang='lat' dir='ltr'><strong>hodie</strong></span> <span class='ocrx_word' id='word_1_198' title='bbox 1157 2966 1193 2994; x_wconf 90' lang='lat'>„</span> <span class='ocrx_word' id='word_1_199' title='bbox 1209 2920 1273 2979; x_wconf 82' lang='lat' dir='ltr'><strong>in</strong></span> <span class='ocrx_word' id='word_1_200' title='bbox 1316 2922 1508 2981; x_wconf 76' lang='lat' dir='ltr'><strong>monte</strong></span> <span class='ocrx_word' id='word_1_201' title='bbox 1551 2919 1828 2983; x_wconf 71' lang='lat' dir='ltr'><strong>dominus</strong></span> <span class='ocrx_word' id='word_1_202' title='bbox 1870 2920 2035 2983; x_wconf 77' lang='lat' dir='ltr'><strong>uidet</strong></span> <span class='ocrx_word' id='word_1_203' title='bbox 2047 2923 2099 2981; x_wconf 88' lang='lat'><strong>“.</strong></span> <span class='ocrx_word' id='word_1_204' title='bbox 2196 2935 2308 3001; x_wconf 88' lang='lat' dir='ltr'><strong>pro</strong></span> <span class='ocrx_word' id='word_1_205' title='bbox 2353 2936 2425 2981; x_wconf 90' lang='lat' dir='ltr'><strong>eo</strong></span> <span class='ocrx_word' id='word_1_206' title='bbox 2469 2914 2634 3000; x_wconf 88' lang='lat' dir='ltr'><strong>quod</strong></span> <span class='ocrx_word' id='word_1_207' title='bbox 2686 2913 2793 2977; x_wconf 86' lang='lat' dir='ltr'><strong>hic</strong></span> 
     </span>
     <span class='ocr_line' id='line_1_25' title="bbox 565 3018 2795 3105; baseline -0 -20"><span class='ocrx_word' id='word_1_208' title='bbox 565 3020 759 3085; x_wconf 90' lang='lat' dir='ltr'><strong>habet</strong></span> <span class='ocrx_word' id='word_1_209' title='bbox 799 3020 965 3084; x_wconf 71' lang='lat' dir='ltr'><strong>uidet</strong></span> <span class='ocrx_word' id='word_1_210' title='bbox 984 3069 998 3096; x_wconf 92' lang='lat'>‚</span> <span class='ocrx_word' id='word_1_211' title='bbox 1042 3018 1107 3082; x_wconf 90' lang='lat' dir='ltr'><strong>in</strong></span> <span class='ocrx_word' id='word_1_212' title='bbox 1173 3018 1444 3085; x_wconf 87' lang='lat' dir='ltr'><strong>hebraeo</strong></span> <span class='ocrx_word' id='word_1_213' title='bbox 1495 3022 1805 3086; x_wconf 77' lang='lat' dir='ltr'><strong>uidebitur</strong></span> <span class='ocrx_word' id='word_1_214' title='bbox 1862 3022 2166 3105; x_wconf 86' lang='lat' dir='ltr'><strong>scriptum</strong></span> <span class='ocrx_word' id='word_1_215' title='bbox 2210 3024 2321 3086; x_wconf 90' lang='lat' dir='ltr'><strong>est.</strong></span> <span class='ocrx_word' id='word_1_216' title='bbox 2410 3022 2530 3087; x_wconf 88' lang='grc'>1106</span> <span class='ocrx_word' id='word_1_217' title='bbox 2578 3019 2795 3084; x_wconf 89' lang='lat' dir='ltr'><strong>autem</strong></span> 
     </span>
     <span class='ocr_line' id='line_1_26' title="bbox 567 3122 2908 3208; baseline 0 -21"><span class='ocrx_word' id='word_1_218' title='bbox 567 3122 731 3206; x_wconf 84' lang='lat' dir='ltr'><strong>apud</strong></span> <span class='ocrx_word' id='word_1_219' title='bbox 775 3122 1100 3188; x_wconf 88' lang='lat' dir='ltr'><strong>Hebraeos</strong></span> <span class='ocrx_word' id='word_1_220' title='bbox 1151 3123 1344 3189; x_wconf 84' lang='lat' dir='ltr'><strong>exiuit</strong></span> <span class='ocrx_word' id='word_1_221' title='bbox 1383 3123 1450 3188; x_wconf 87' lang='lat' dir='ltr'><strong>in</strong></span> <span class='ocrx_word' id='word_1_222' title='bbox 1508 3125 1908 3208; x_wconf 88' lang='lat' dir='ltr'><strong>prouerbium</strong></span> <span class='ocrx_word' id='word_1_223' title='bbox 1928 3176 1943 3205; x_wconf 89' lang='lat'>‚</span> <span class='ocrx_word' id='word_1_224' title='bbox 1987 3127 2092 3205; x_wconf 91' lang='lat' dir='ltr'><strong>ut,</strong></span> <span class='ocrx_word' id='word_1_225' title='bbox 2154 3125 2210 3189; x_wconf 89' lang='lat' dir='ltr'><strong>si</strong></span> <span class='ocrx_word' id='word_1_226' title='bbox 2260 3123 2506 3208; x_wconf 85' lang='lat' dir='ltr'><strong>quando</strong></span> <span class='ocrx_word' id='word_1_227' title='bbox 2549 3125 2617 3188; x_wconf 89' lang='lat' dir='ltr'><strong>in</strong></span> <span class='ocrx_word' id='word_1_228' title='bbox 2674 3141 2789 3187; x_wconf 86' lang='lat' dir='ltr'><strong>an·</strong></span> <span class='ocrx_word' id='word_1_229' title='bbox 2830 3134 2908 3188; x_wconf 83' lang='lat'><strong>25</strong></span> 
     </span>
     <span class='ocr_line' id='line_1_27' title="bbox 565 3225 2792 3312; baseline 0 -22"><span class='ocrx_word' id='word_1_230' title='bbox 565 3226 775 3309; x_wconf 88' lang='lat' dir='ltr'><strong>gustia</strong></span> <span class='ocrx_word' id='word_1_231' title='bbox 839 3225 1167 3291; x_wconf 88' lang='lat' dir='ltr'><strong>constituti</strong></span> <span class='ocrx_word' id='word_1_232' title='bbox 1222 3229 1372 3292; x_wconf 89' lang='lat' dir='ltr'><strong>sunt</strong></span> <span class='ocrx_word' id='word_1_233' title='bbox 1429 3229 1493 3293; x_wconf 89' lang='lat' dir='ltr'><strong>et</strong></span> <span class='ocrx_word' id='word_1_234' title='bbox 1567 3228 1804 3294; x_wconf 85' lang='lat' dir='ltr'><strong>domini</strong></span> <span class='ocrx_word' id='word_1_235' title='bbox 1867 3230 2087 3312; x_wconf 87' lang='lat' dir='ltr'><strong>optant</strong></span> <span class='ocrx_word' id='word_1_236' title='bbox 2151 3229 2378 3295; x_wconf 86' lang='lat' dir='ltr'><strong>auxilio</strong></span> <span class='ocrx_word' id='word_1_237' title='bbox 2452 3227 2792 3305; x_wconf 88' lang='lat' dir='ltr'><strong>subleuari,</strong></span> 
     </span>
     <span class='ocr_line' id='line_1_28' title="bbox 567 3326 2793 3412; baseline 0.001 -20"><span class='ocrx_word' id='word_1_238' title='bbox 567 3326 782 3393; x_wconf 87' lang='lat' dir='ltr'><strong>dicant</strong></span> <span class='ocrx_word' id='word_1_239' title='bbox 823 3329 942 3408; x_wconf 87' lang='lat' dir='ltr'><strong>„in</strong></span> <span class='ocrx_word' id='word_1_240' title='bbox 968 3332 1184 3395; x_wconf 88' lang='lat' dir='ltr'><strong>monte</strong></span> <span class='ocrx_word' id='word_1_241' title='bbox 1217 3330 1506 3397; x_wconf 84' lang='lat' dir='ltr'><strong>dominus</strong></span> <span class='ocrx_word' id='word_1_242' title='bbox 1549 3332 1868 3398; x_wconf 87' lang='lat' dir='ltr'><strong>uidebitur</strong></span> <span class='ocrx_word' id='word_1_243' title='bbox 1882 3339 1937 3412; x_wconf 91' lang='lat'><strong>“,</strong></span> <span class='ocrx_word' id='word_1_244' title='bbox 1982 3332 2101 3398; x_wconf 89' lang='lat' dir='ltr'><strong>hoc</strong></span> <span class='ocrx_word' id='word_1_245' title='bbox 2133 3336 2259 3399; x_wconf 89' lang='lat' dir='ltr'><strong>est:</strong></span> <span class='ocrx_word' id='word_1_246' title='bbox 2306 3334 2470 3399; x_wconf 88' lang='lat' dir='ltr'><strong>sicut</strong></span> <span class='ocrx_word' id='word_1_247' title='bbox 2499 3332 2793 3398; x_wconf 87' lang='lat' dir='ltr'><strong>Abrahae</strong></span> 
     </span>
     <span class='ocr_line' id='line_1_29' title="bbox 568 3432 2794 3523; baseline 0.002 -27"><span class='ocrx_word' id='word_1_248' title='bbox 568 3432 867 3498; x_wconf 89' lang='lat' dir='ltr'><strong>misertus</strong></span> <span class='ocrx_word' id='word_1_249' title='bbox 910 3436 1038 3513; x_wconf 89' lang='lat' dir='ltr'><strong>est,</strong></span> <span class='ocrx_word' id='word_1_250' title='bbox 1082 3432 1484 3500; x_wconf 85' lang='lat' dir='ltr'><strong>miserebitur</strong></span> <span class='ocrx_word' id='word_1_251' title='bbox 1522 3439 1588 3502; x_wconf 91' lang='lat' dir='ltr'><strong>et</strong></span> <span class='ocrx_word' id='word_1_252' title='bbox 1628 3435 1847 3502; x_wconf 88' lang='lat' dir='ltr'><strong>nostri.</strong></span> <span class='ocrx_word' id='word_1_253' title='bbox 1936 3438 2101 3502; x_wconf 88' lang='lat' dir='ltr'><strong>unde</strong></span> <span class='ocrx_word' id='word_1_254' title='bbox 2146 3440 2211 3503; x_wconf 89' lang='lat' dir='ltr'><strong>et</strong></span> <span class='ocrx_word' id='word_1_255' title='bbox 2249 3438 2317 3501; x_wconf 92' lang='lat' dir='ltr'><strong>in</strong></span> <span class='ocrx_word' id='word_1_256' title='bbox 2362 3436 2613 3523; x_wconf 83' lang='lat' dir='ltr'><strong>signum</strong></span> <span class='ocrx_word' id='word_1_257' title='bbox 2658 3435 2794 3500; x_wconf 89' lang='lat' dir='ltr'><strong>dati</strong></span> 
     </span>
     <span class='ocr_line' id='line_1_30' title="bbox 567 3536 2082 3627; baseline 0.003 -26"><span class='ocrx_word' id='word_1_258' title='bbox 567 3536 779 3603; x_wconf 88' lang='lat' dir='ltr'><strong>arietis</strong></span> <span class='ocrx_word' id='word_1_259' title='bbox 826 3536 1034 3603; x_wconf 87' lang='lat' dir='ltr'><strong>solent</strong></span> <span class='ocrx_word' id='word_1_260' title='bbox 1077 3539 1272 3605; x_wconf 89' lang='lat' dir='ltr'><strong>etiam</strong></span> <span class='ocrx_word' id='word_1_261' title='bbox 1317 3558 1484 3604; x_wconf 88' lang='lat' dir='ltr'><strong>nune</strong></span> <span class='ocrx_word' id='word_1_262' title='bbox 1531 3559 1727 3606; x_wconf 89' lang='lat' dir='ltr'><strong>cornu</strong></span> <span class='ocrx_word' id='word_1_263' title='bbox 1774 3540 2082 3627; x_wconf 87' lang='lat' dir='ltr'><strong>clangere.</strong></span> 
     </span>
    </p>

    <p class='ocr_par' dir='ltr' id='par_1_5' title="bbox 562 3644 2911 3835">
     <span class='ocr_line' id='line_1_31' title="bbox 741 3644 2911 3730; baseline 0.002 -26"><span class='ocrx_word' id='word_1_264' title='bbox 741 3644 824 3705; x_wconf 82' lang='lat' dir='ltr'><strong>Et</strong></span> <span class='ocrx_word' id='word_1_265' title='bbox 871 3647 1299 3709; x_wconf 72' lang='lat' dir='ltr'><strong>nuntiauerant</strong></span> <span class='ocrx_word' id='word_1_266' title='bbox 1336 3644 1649 3709; x_wconf 75' lang='lat' dir='ltr'><strong>Abraham</strong></span> <span class='ocrx_word' id='word_1_267' title='bbox 1689 3647 1945 3709; x_wconf 74' lang='lat' dir='ltr'><strong>dicentes</strong></span> <span class='ocrx_word' id='word_1_268' title='bbox 1982 3648 2134 3709; x_wconf 80' lang='lat' dir='ltr'><strong>Ecce</strong></span> <span class='ocrx_word' id='word_1_269' title='bbox 2165 3648 2407 3730; x_wconf 76' lang='lat' dir='ltr'><strong>peperit</strong></span> <span class='ocrx_word' id='word_1_270' title='bbox 2451 3646 2690 3708; x_wconf 76' lang='lat' dir='ltr'><strong>Melcha</strong></span> <span class='ocrx_word' id='word_1_271' title='bbox 2734 3648 2792 3706; x_wconf 82' lang='lat' dir='ltr'><strong>et</strong></span> <span class='ocrx_word' id='word_1_272' title='bbox 2832 3652 2911 3708; x_wconf 85' lang='lat'><strong>30</strong></span> 
     </span>
     <span class='ocr_line' id='line_1_32' title="bbox 562 3746 2791 3835; baseline 0.002 -28"><span class='ocrx_word' id='word_1_273' title='bbox 562 3748 695 3831; x_wconf 74' lang='lat' dir='ltr'><strong>ipsa</strong></span> <span class='ocrx_word' id='word_1_274' title='bbox 730 3746 908 3827; x_wconf 72' lang='lat' dir='ltr'><strong>filios</strong></span> <span class='ocrx_word' id='word_1_275' title='bbox 951 3747 1197 3812; x_wconf 79' lang='lat' dir='ltr'><strong>Nackor</strong></span> <span class='ocrx_word' id='word_1_276' title='bbox 1243 3748 1442 3826; x_wconf 74' lang='lat' dir='ltr'><strong>fratri</strong></span> <span class='ocrx_word' id='word_1_277' title='bbox 1480 3754 1616 3828; x_wconf 78' lang='lat' dir='ltr'><strong>tue,</strong></span> <span class='ocrx_word' id='word_1_278' title='bbox 1674 3750 1818 3815; x_wconf 76' lang='lat' dir='ltr'><strong>Hus</strong></span> <span class='ocrx_word' id='word_1_279' title='bbox 1864 3753 2339 3835; x_wconf 54' lang='lat' dir='ltr'><strong>primogenitum</strong></span> <span class='ocrx_word' id='word_1_280' title='bbox 2380 3753 2511 3815; x_wconf 67' lang='lat' dir='ltr'><strong>eiu-s*</strong></span> <span class='ocrx_word' id='word_1_281' title='bbox 2551 3752 2608 3814; x_wconf 73' lang='lat' dir='ltr'><strong>et</strong></span> <span class='ocrx_word' id='word_1_282' title='bbox 2650 3748 2791 3813; x_wconf 80' lang='lat' dir='ltr'><strong>Buz</strong></span> 
     </span>
    </p>
   </div>
   <div class='ocr_carea' id='block_1_3' title="bbox 705 3910 2328 3997">
    <p class='ocr_par' dir='ltr' id='par_1_6' title="bbox 705 3910 2328 3997">
     <span class='ocr_line' id='line_1_33' title="bbox 705 3910 2328 3997; baseline 0.007 -38"><span class='ocrx_word' id='word_1_283' title='bbox 705 3914 735 3959; x_wconf 82' lang='lat'><strong>3</strong></span> <span class='ocrx_word' id='word_1_284' title='bbox 780 3911 891 3961; x_wconf 86' lang='lat' dir='ltr'><strong>Gen</strong></span> <span class='ocrx_word' id='word_1_285' title='bbox 925 3911 1012 3973; x_wconf 88' lang='grc'><strong>22,</strong></span> <span class='ocrx_word' id='word_1_286' title='bbox 1056 3912 1122 3965; x_wconf 89' lang='grc'>13</span> <span class='ocrx_word' id='word_1_287' title='bbox 1153 3910 1162 3977; x_wconf 97' lang='grc' dir='ltr'>Ι</span> <span class='ocrx_word' id='word_1_288' title='bbox 1192 3912 1264 3967; x_wconf 91' lang='grc'><strong>22</strong></span> <span class='ocrx_word' id='word_1_289' title='bbox 1304 3913 1415 3963; x_wconf 82' lang='lat' dir='ltr'><strong>Gen</strong></span> <span class='ocrx_word' id='word_1_290' title='bbox 1453 3910 1539 3977; x_wconf 87' lang='grc'><strong>22,</strong></span> <span class='ocrx_word' id='word_1_291' title='bbox 1589 3912 1697 3997; x_wconf 56' lang='lat'><strong>14]</strong></span> <span class='ocrx_word' id='word_1_292' title='bbox 1728 3912 1799 3971; x_wconf 89' lang='lat'><strong>30</strong></span> <span class='ocrx_word' id='word_1_293' title='bbox 1836 3916 1945 3979; x_wconf 74' lang='lat' dir='ltr'><strong>Gen</strong></span> <span class='ocrx_word' id='word_1_294' title='bbox 1976 3916 2063 3980; x_wconf 86' lang='grc'><strong>22,</strong></span> <span class='ocrx_word' id='word_1_295' title='bbox 2100 3913 2328 3972; x_wconf 83' lang='grc'>20-22</span> 
     </span>
    </p>
   </div>
   <div class='ocr_carea' id='block_1_4' title="bbox 555 4050 2796 4473">
    <p class='ocr_par' dir='ltr' id='par_1_7' title="bbox 555 4050 2796 4473">
     <span class='ocr_line' id='line_1_34' title="bbox 705 4050 2789 4132; baseline 0.003 -27"><span class='ocrx_word' id='word_1_296' title='bbox 705 4050 740 4109; x_wconf 83' lang='grc'>5</span> <span class='ocrx_word' id='word_1_297' title='bbox 777 4070 1036 4108; x_wconf 82' lang='lat' dir='ltr'><strong>emesenus</strong></span> <span class='ocrx_word' id='word_1_298' title='bbox 1074 4078 1118 4127; x_wconf 89' lang='grc' dir='ltr'><strong><em>φ</em></strong></span> <span class='ocrx_word' id='word_1_299' title='bbox 1161 4058 1170 4127; x_wconf 99' lang='grc' dir='ltr'>Ι</span> <span class='ocrx_word' id='word_1_300' title='bbox 1221 4057 1256 4112; x_wconf 85' lang='grc'>5</span> <span class='ocrx_word' id='word_1_301' title='bbox 1290 4060 1530 4126; x_wconf 82' lang='lat' dir='ltr'><strong>loquutus</strong></span> <span class='ocrx_word' id='word_1_302' title='bbox 1564 4079 1610 4131; x_wconf 88' lang='grc' dir='ltr'>φ</span> <span class='ocrx_word' id='word_1_303' title='bbox 1664 4062 1675 4128; x_wconf 96' lang='grc' dir='ltr'>Ι</span> <span class='ocrx_word' id='word_1_304' title='bbox 1733 4062 1764 4116; x_wconf 81' lang='grc'>7</span> <span class='ocrx_word' id='word_1_305' title='bbox 1802 4078 2006 4114; x_wconf 89' lang='lat' dir='ltr'><strong>rursum</strong></span> <span class='ocrx_word' id='word_1_306' title='bbox 2055 4080 2100 4132; x_wconf 88' lang='grc' dir='ltr'>φ</span> <span class='ocrx_word' id='word_1_307' title='bbox 2158 4059 2169 4131; x_wconf 98' lang='grc' dir='ltr'>Ι</span> <span class='ocrx_word' id='word_1_308' title='bbox 2237 4062 2271 4118; x_wconf 90' lang='grc'>9</span> <span class='ocrx_word' id='word_1_309' title='bbox 2322 4063 2428 4113; x_wconf 83' lang='lat' dir='ltr'><strong>uim</strong></span> <span class='ocrx_word' id='word_1_310' title='bbox 2473 4060 2619 4113; x_wconf 83' lang='lat' dir='ltr'><strong>uerbi</strong></span> <span class='ocrx_word' id='word_1_311' title='bbox 2671 4066 2707 4129; x_wconf 80' lang='grc' dir='ltr'>β</span> <span class='ocrx_word' id='word_1_312' title='bbox 2780 4058 2789 4131; x_wconf 89' lang='grc' dir='ltr'>Ι</span> 
     </span>
     <span class='ocr_line' id='line_1_35' title="bbox 563 4139 2796 4217; baseline 0.005 -28"><span class='ocrx_word' id='word_1_313' title='bbox 563 4139 630 4195; x_wconf 91' lang='grc'><strong>10</strong></span> <span class='ocrx_word' id='word_1_314' title='bbox 665 4140 889 4192; x_wconf 75' lang='lat' dir='ltr'><strong>uir-culta</strong></span> <span class='ocrx_word' id='word_1_315' title='bbox 925 4160 969 4211; x_wconf 83' lang='grc' dir='ltr'><em>φ</em></span> <span class='ocrx_word' id='word_1_316' title='bbox 988 4181 1001 4205; x_wconf 92' lang='grc'><strong><em>,</em></strong></span> <span class='ocrx_word' id='word_1_317' title='bbox 1037 4160 1186 4194; x_wconf 79' lang='lat' dir='ltr'><strong>manu</strong></span> <span class='ocrx_word' id='word_1_318' title='bbox 1223 4149 1408 4197; x_wconf 75' lang='lat' dir='ltr'><strong>recenti</strong></span> <span class='ocrx_word' id='word_1_319' title='bbox 1440 4156 1681 4199; x_wconf 74' lang='lat' dir='ltr'><strong>mutatum</strong></span> <span class='ocrx_word' id='word_1_320' title='bbox 1710 4146 1719 4216; x_wconf 94' lang='grc' dir='ltr'>Ι</span> <span class='ocrx_word' id='word_1_321' title='bbox 1754 4149 1817 4203; x_wconf 93' lang='grc'><strong>11</strong></span> <span class='ocrx_word' id='word_1_322' title='bbox 1856 4153 1962 4199; x_wconf 85' lang='lat' dir='ltr'><strong>rete</strong></span> <span class='ocrx_word' id='word_1_323' title='bbox 1996 4154 2116 4217; x_wconf 80' lang='grc' dir='ltr'><strong>βγφ</strong></span> <span class='ocrx_word' id='word_1_324' title='bbox 2148 4145 2158 4217; x_wconf 88' lang='grc' dir='ltr'>Ι</span> <span class='ocrx_word' id='word_1_325' title='bbox 2190 4148 2258 4204; x_wconf 89' lang='grc'><strong>14</strong></span> <span class='ocrx_word' id='word_1_326' title='bbox 2293 4148 2511 4200; x_wconf 81' lang='lat' dir='ltr'><strong>uirculto</strong></span> <span class='ocrx_word' id='word_1_327' title='bbox 2549 4166 2609 4217; x_wconf 84' lang='grc' dir='ltr'><strong>φ,</strong></span> <span class='ocrx_word' id='word_1_328' title='bbox 2644 4164 2796 4198; x_wconf 80' lang='lat' dir='ltr'><strong>manu</strong></span> 
     </span>
     <span class='ocr_line' id='line_1_36' title="bbox 557 4228 2796 4305; baseline 0.004 -29"><span class='ocrx_word' id='word_1_329' title='bbox 557 4232 747 4279; x_wconf 79' lang='lat' dir='ltr'><strong>recenti</strong></span> <span class='ocrx_word' id='word_1_330' title='bbox 776 4238 1014 4280; x_wconf 73' lang='lat' dir='ltr'><strong>mutatum</strong></span> <span class='ocrx_word' id='word_1_331' title='bbox 1045 4228 1052 4294; x_wconf 95' lang='grc' dir='ltr'>Ι</span> <span class='ocrx_word' id='word_1_332' title='bbox 1088 4230 1153 4284; x_wconf 90' lang='grc'><strong>16</strong></span> <span class='ocrx_word' id='word_1_333' title='bbox 1189 4232 1392 4283; x_wconf 79' lang='lat' dir='ltr'><strong>litera&#39;m</strong></span> <span class='ocrx_word' id='word_1_334' title='bbox 1428 4233 1582 4285; x_wconf 86' lang='lat' dir='ltr'><strong>scribi</strong></span> <span class='ocrx_word' id='word_1_335' title='bbox 1634 4236 1722 4285; x_wconf 84' lang='lat' dir='ltr'><strong>hic</strong></span> <span class='ocrx_word' id='word_1_336' title='bbox 1756 4252 1878 4287; x_wconf 85' lang='lat' dir='ltr'><strong>uero</strong></span> <span class='ocrx_word' id='word_1_337' title='bbox 1894 4236 2095 4285; x_wconf 83' lang='lat' dir='ltr'><strong>samech</strong></span> <span class='ocrx_word' id='word_1_338' title='bbox 2134 4240 2201 4291; x_wconf 94' lang='lat'>&gt;</span> <span class='ocrx_word' id='word_1_339' title='bbox 2238 4253 2285 4305; x_wconf 85' lang='grc' dir='ltr'><strong><em>φ</em></strong></span> <span class='ocrx_word' id='word_1_340' title='bbox 2318 4233 2326 4303; x_wconf 92' lang='grc' dir='ltr'>Ι</span> <span class='ocrx_word' id='word_1_341' title='bbox 2358 4234 2435 4290; x_wconf 79' lang='grc'><strong>20</strong></span> <span class='ocrx_word' id='word_1_342' title='bbox 2460 4244 2580 4298; x_wconf 73' lang='lat' dir='ltr'><strong>post</strong></span> <span class='ocrx_word' id='word_1_343' title='bbox 2618 4235 2796 4300; x_wconf 88' lang='lat' dir='ltr'><strong>inqui-</strong></span> 
     </span>
     <span class='ocr_line' id='line_1_37' title="bbox 555 4314 2793 4402; baseline 0.005 -40"><span class='ocrx_word' id='word_1_344' title='bbox 555 4328 674 4363; x_wconf 79' lang='lat' dir='ltr'><strong>rens</strong></span> <span class='ocrx_word' id='word_1_345' title='bbox 712 4314 778 4379; x_wconf 92' lang='grc' dir='ltr'><strong>-Ι-</strong></span> <span class='ocrx_word' id='word_1_346' title='bbox 818 4318 868 4365; x_wconf 83' lang='lat' dir='ltr'><strong>et</strong></span> <span class='ocrx_word' id='word_1_347' title='bbox 901 4333 945 4384; x_wconf 84' lang='grc' dir='ltr'><em>φ</em></span> <span class='ocrx_word' id='word_1_348' title='bbox 987 4314 995 4384; x_wconf 98' lang='grc' dir='ltr'>Ι</span> <span class='ocrx_word' id='word_1_349' title='bbox 1042 4317 1112 4371; x_wconf 91' lang='grc'><strong>22</strong></span> <span class='ocrx_word' id='word_1_350' title='bbox 1151 4318 1222 4373; x_wconf 86' lang='grc'><strong>23</strong></span> <span class='ocrx_word' id='word_1_351' title='bbox 1256 4328 1300 4369; x_wconf 74' lang='lat' dir='ltr'><strong>et</strong></span> <span class='ocrx_word' id='word_1_352' title='bbox 1333 4318 1404 4373; x_wconf 80' lang='lat'><strong>24</strong></span> <span class='ocrx_word' id='word_1_353' title='bbox 1436 4320 1570 4373; x_wconf 81' lang='lat' dir='ltr'><strong>uidit</strong></span> <span class='ocrx_word' id='word_1_354' title='bbox 1606 4340 1651 4391; x_wconf 86' lang='grc' dir='ltr'><em>φ</em></span> <span class='ocrx_word' id='word_1_355' title='bbox 1682 4320 1691 4391; x_wconf 98' lang='grc' dir='ltr'>Ι</span> <span class='ocrx_word' id='word_1_356' title='bbox 1722 4323 1793 4378; x_wconf 80' lang='lat'><strong>24</strong></span> <span class='ocrx_word' id='word_1_357' title='bbox 1836 4332 1882 4374; x_wconf 81' lang='lat' dir='ltr'><strong>et</strong></span> <span class='ocrx_word' id='word_1_358' title='bbox 1916 4321 1986 4376; x_wconf 81' lang='lat'><strong>27</strong></span> <span class='ocrx_word' id='word_1_359' title='bbox 2021 4321 2281 4373; x_wconf 76' lang='lat' dir='ltr'><strong>uidebitur</strong></span> <span class='ocrx_word' id='word_1_360' title='bbox 2328 4340 2401 4393; x_wconf 82' lang='grc' dir='ltr'><strong>φ,</strong></span> <span class='ocrx_word' id='word_1_361' title='bbox 2436 4322 2633 4374; x_wconf 80' lang='lat' dir='ltr'><strong>uidebit</strong></span> <span class='ocrx_word' id='word_1_362' title='bbox 2670 4327 2747 4390; x_wconf 76' lang='grc' dir='ltr'><strong>βγ</strong></span> <span class='ocrx_word' id='word_1_363' title='bbox 2780 4330 2793 4402; x_wconf 79' lang='grc' dir='ltr'>Ι</span> 
     </span>
     <span class='ocr_line' id='line_1_38' title="bbox 555 4396 1496 4473; baseline 0.011 -27"><span class='ocrx_word' id='word_1_364' title='bbox 555 4396 628 4453; x_wconf 86' lang='grc'><strong>30</strong></span> <span class='ocrx_word' id='word_1_365' title='bbox 657 4400 1022 4453; x_wconf 77' lang='lat' dir='ltr'><strong>nuntiauerant</strong></span> <span class='ocrx_word' id='word_1_366' title='bbox 1054 4407 1173 4472; x_wconf 80' lang='grc' dir='ltr'><strong>βγφ</strong></span> <span class='ocrx_word' id='word_1_367' title='bbox 1204 4402 1214 4471; x_wconf 99' lang='grc' dir='ltr'>Ι</span> <span class='ocrx_word' id='word_1_368' title='bbox 1246 4404 1313 4458; x_wconf 85' lang='grc'><strong>31</strong></span> <span class='ocrx_word' id='word_1_369' title='bbox 1353 4420 1412 4455; x_wconf 78' lang='lat' dir='ltr'><strong>us</strong></span> <span class='ocrx_word' id='word_1_370' title='bbox 1450 4423 1496 4473; x_wconf 90' lang='grc' dir='ltr'><strong><em>φ</em></strong></span> 
     </span>
    </p>
   </div>
  </div>
 </body>
</html>
