3169 4941
1547 427 1932 492 -6-

799 613 980 687 tonis,
1025 613 1206 693 digni,
1253 614 1355 694 qui
1377 623 1583 676 nostro
1632 615 1873 677 saeculo
1897 613 2092 694 plebis
2117 611 2397 692 suffragia
2430 614 2631 686 ferret,
2676 632 2857 674 manu

795 720 958 773 totus
1009 711 1163 773 liber
1217 719 1282 772 ut
1323 712 1680 774 basileensis
1743 732 1883 774 mox
1930 710 2322 773 nominandus
2376 709 2855 772 conscribillatus

793 817 913 870 est:
971 810 1250 871 nimirum
1294 809 1383 870 ita
1431 811 1741 891 opiniones
1786 809 2027 872 saeculo
2076 808 2517 870 undeuicesimo
2566 809 2855 888 probatas

793 917 1190 988 praeceperat
1233 908 1530 970 maximus
1573 909 1675 969 ille
1716 907 1826 980 uir,
1888 915 1955 968 ut
2003 906 2221 968 librum
2260 915 2367 966 aut
2408 906 2712 986 publicum
2751 915 2857 968 aut

797 1006 1101 1086 priuatum
1175 1006 1340 1066 ducis
1415 1007 1506 1068 sui
1572 1006 1745 1085 quasi
1820 1004 2097 1085 proprius
2164 1012 2324 1065 esset
2406 1013 2852 1084 conspurcaret‚

792 1103 971 1184 plane
1011 1110 1080 1162 ut
1121 1103 1318 1163 solent
1363 1105 1463 1183 qui
1502 1104 1768 1166 Berolini
1806 1102 1961 1183 regis
2010 1101 2179 1163 libris
2239 1101 2329 1163 uti
2373 1102 2652 1181 permissi
2694 1111 2853 1163 sunt.

795 1201 985 1262 codex
1039 1203 1416 1263 monacensis
1471 1202 1549 1262 ab
1608 1201 1867 1264 Hardtio
1924 1199 2166 1260 saeculo
2222 1199 2533 1261 undecimo
2592 1200 2853 1279 scriptus

796 1319 928 1360 esse
969 1299 1340 1379 perhibetur,
1387 1301 1546 1378 quod
1608 1319 1819 1361 uereor
1858 1308 1926 1360 ut
1970 1306 2131 1359 recte
2174 1299 2397 1360 factum
2439 1297 2534 1359 sit.
2616 1297 2854 1360 uidetur

795 1397 952 1458 enim
996 1396 1185 1458 literis
1229 1417 1305 1458 ex
1349 1407 1479 1459 arte
1535 1399 1934 1458 uetustiorum
1987 1398 2241 1457 formam
2284 1395 2659 1457 imitantibus
2704 1415 2854 1458 exa-

788 1504 956 1556 ratus
1002 1515 1136 1557 esse
1177 1515 1370 1576 neque
1419 1516 1526 1576 ego
1568 1495 1731 1557 ultra
1792 1495 2099 1569 saeculum
2138 1493 2267 1555 XII
2328 1494 2519 1555 ausim
2566 1495 2847 1573 proferre.

789 1612 969 1672 quum
1023 1594 1320 1674 integrum
1384 1594 1702 1656 exhaurire
1760 1595 2022 1655 nondum
2089 1590 2404 1671 potuerim,
2466 1593 2729 1652 conabor
2768 1595 2847 1654 ad

788 1711 942 1766 eum,
991 1693 1044 1754 si
1083 1694 1320 1772 quando
1359 1693 1759 1754 commodiore
1788 1691 1909 1752 otio
1951 1692 2132 1762 fruar,
2175 1689 2386 1751 redire.
2437 1689 2710 1751 conlatus
2754 1699 2849 1751 est

787 1789 1036 1871 integer,
1084 1800 1302 1874 catena
1345 1790 1555 1869 ingens
1600 1790 1863 1851 nondum
1902 1807 2172 1850 excussa.

685 1905 716 1947 r
800 1888 1158 1950 basileensis
1194 1889 1246 1950 B
1290 1889 1384 1949 VI
1431 1887 1529 1961 18,
1573 1889 1735 1969 apud
1776 1887 2154 1948 Holmesium
2203 1884 2341 1948 135.
2410 1886 2849 1960 membraneUS,

743 2007 758 2026 ·
787 1985 1054 2048 Genesin
1099 1996 1160 2048 et
1202 1997 1439 2068 partem
1468 1986 1665 2048 Exodi
1692 1985 1977 2048 adiuncta
2004 1992 2219 2046 catena
2254 1983 2583 2058 continens,
2626 1984 2851 2046 saeculi

788 2081 887 2162 (ut
923 2084 1194 2167 uidetur)
1235 2085 1414 2157 XIII,
1457 2094 1729 2165 tempore
1764 2083 1999 2146 concilii
2038 2081 2393 2143 basileensis
2430 2080 2491 2141 in
2524 2077 2851 2143 bibliothe-

788 2201 921 2242 cam
949 2183 1436 2262 praedicatorum
1473 2182 1922 2244 rauracensium
1962 2181 2205 2242 inlatus,
2265 2179 2612 2260 praeclarus
2640 2181 2850 2255 codex,

785 2298 962 2359 quem
1011 2301 1107 2341 me
1154 2279 1444 2360 temporis
1491 2281 1771 2361 angustia
1825 2278 2192 2359 prohibitum
2246 2279 2419 2340 doleo
2468 2277 2631 2340 ultra
2669 2276 2771 2352 88,
2816 2279 2844 2340 1

785 2377 1066 2440 editionis
1125 2397 1296 2439 meae
1350 2379 1619 2440 conferre
1663 2398 1781 2440 non
1832 2375 2119 2458 potuisse.
2204 2377 2405 2438 omnia
2461 2377 2733 2449 monebo,
2782 2385 2851 2438 ut

785 2496 937 2555 opus
985 2476 1302 2537 absoluere
1355 2477 1681 2558 aliquando
1723 2475 1966 2557 possim.
2772 2498 2775 2501 ⁴

678 2581 706 2632 t
783 2573 1248 2635 uindobonensis
1295 2576 1668 2657 theologicus
1720 2594 1969 2655 graecus
2029 2572 2089 2646 3,
2143 2580 2327 2633 antea
2371 2570 2470 2645 57,
2528 2592 2642 2646 „ex
2680 2571 2848 2633 libris

793 2669 1140 2733 Sebastiani
1193 2674 1537 2753 Tengnagel
1580 2674 1627 2733 I.
1672 2673 1750 2733 V.
1797 2672 1873 2733 D.
1922 2690 2079 2731 caes,
2137 2668 2341 2730 consil.
2402 2678 2464 2730 et
2510 2650 2781 2731 biblioth.
2790 2673 2847 2744 “,

789 2771 952 2849 apud
973 2770 1352 2832 Holmesium
1396 2769 1534 2834 130.
1601 2771 2022 2831 membraneus
2056 2766 2475 2828 octateuchum
2516 2767 2847 2843 continens,

783 2866 1010 2928 saeculi
1056 2864 1156 2947 (ut
1194 2867 1462 2949 uidetur)
1507 2868 1685 2930 XIII.
2923 2862 2925 2864 ’

654 2983 708 3025 w
785 2964 1250 3027 uindobonensis
1295 2966 1667 3047 theologicus
1706 2984 1955 3045 graecus
2004 2966 2063 3038 4,
2116 2966 2277 3044 apud
2322 2963 2700 3025 Holmesium
2746 2962 2844 3027 31.

781 3062 1155 3137 chartacenS,
1187 3064 1456 3126 Genesin
1493 3065 1779 3125 adiuncta
1812 3071 2029 3125 catena
2070 3062 2401 3134 continenS,
2443 3062 2668 3122 saeculi
2701 3062 2845 3123 XV.

787 3179 826 3221 a
871 3180 968 3222 me
1013 3182 1132 3223 non
1173 3163 1470 3236 conlatUS,
1523 3162 1631 3223 sed
1676 3160 1983 3240 inspectus
2028 3168 2282 3221 tantum.

673 3278 714 3317 x
798 3268 1050 3321 uenetus
1100 3260 1442 3321 marcianus
1483 3260 1543 3333 2,
1596 3260 1762 3339 apud
1803 3258 2183 3320 Holmesium
2227 3257 2325 3320 29.
2406 3258 2844 3333 membraneus,

784 3358 1256 3436 pentateuchum
1295 3357 1434 3420 inde
1477 3377 1516 3418 a
1557 3356 1815 3419 Genesis
1857 3354 1961 3429 43,
2013 3357 2089 3419 15
2138 3356 2467 3429 continens
2513 3364 2655 3434 post
2695 3375 2849 3435 pen-

781 3455 1129 3516 tateuchum
1184 3456 1381 3531 Iosue‚
1438 3455 1697 3528 IudiceS,
1756 3453 1944 3526 Ruth,
2001 3454 2233 3534 Regum
2282 3474 2319 3512 α
2365 3462 2427 3515 et
2466 3454 2518 3534 β.
2565 3473 2705 3515 nam
2746 3455 2848 3534 qui

783 3551 924 3625 folio
973 3552 1098 3616 200
1141 3562 1426 3615 secuntur
1469 3554 1979 3614 Maccahaeorum
2036 3551 2172 3613 libri
2211 3550 2555 3633 bombycini
2610 3560 2749 3613 sunt
2787 3562 2851 3612 et

783 3649 974 3711 multo
1013 3660 1188 3731 parte
1231 3652 1621 3713 membranea
1662 3649 1800 3712 libri
1841 3650 2219 3712 recentiores
2308 3648 2534 3711 saeculi
2578 3649 2659 3710 X.

678 3766 719 3827 y
788 3757 1040 3809 uenetus
1089 3750 1427 3811 marcianus
1469 3748 1526 3821 6,
1573 3749 1736 3827 apud
1780 3747 2155 3810 Holmesium
2198 3748 2336 3812 122.
2418 3768 2449 3809 e
2493 3746 2693 3808 codice
2740 3765 2851 3807 ue-

785 3853 928 3907 neto
967 3846 1006 3909 5
1051 3847 1379 3923 (Holmesii
1405 3845 1516 3928 68)
1563 3846 1901 3926 descriptus
1941 3866 2073 3908 esse
2108 3847 2456 3927 perhibetur
2496 3845 2573 3905 ab
2620 3844 2847 3906 editore

785 3944 1115 4019 oxoniensi,
1176 3948 1336 4026 quod
1387 3954 1589 4007 utrum
1648 3963 1855 4006 uerum
1912 3943 1993 4006 sit
2053 3944 2273 4017 nesci0‚
2335 3962 2515 4023 quum
2576 3942 2848 4021 quintum

777 4040 951 4103 illum
1027 4043 1376 4105 examinare
1449 4042 1711 4103 nondum
1785 4039 2101 4121 potuerim.
2204 4042 2317 4103 hoc
2388 4040 2511 4102 scio
2565 4038 2847 4104 editionis

774 4138 1015 4202 aldinae
1064 4141 1370 4215 lectioneS,
1425 4159 1580 4220 quae
1639 4139 1936 4211 dicuntur,
1998 4137 2328 4218 singulares
2390 4157 2583 4219 paene
2639 4158 2847 4201 omnes

772 4235 835 4295 in
883 4235 998 4299 hoc
1037 4240 1239 4302 codice
1303 4258 1342 4300 a
1385 4237 1487 4299 me'
1521 4238 1803 4299 inuentas
1848 4257 1999 4309 esse,
2060 4254 2236 4315 quem
2286 4236 2526 4316 inspexi
2572 4236 2847 4301 omnibus

772 4332 833 4394 ni
878 4334 1056 4398 fallor
1099 4336 1162 4399 in
1203 4336 1370 4411 lociS,
1421 4335 1635 4415 quibus
1682 4334 1889 4396 aldina
1930 4354 1969 4396 a
2009 4334 2223 4397 ceteris
2266 4334 2522 4395 testibus
2570 4334 2695 4396 eius
2745 4335 2847 4398 di-

3149 119 3152 130 ..
3132 0 3152 110 ..μ-...Δ
