3169 4941
1319 431 1544 489 Genesis
1581 431 1668 489 24.
2536 432 2607 487 93

324 607 352 652 1
387 616 590 684 yqaav·
637 588 974 678 Ῥεβέκκαν
1014 592 1127 660 καὶ
1171 585 1367 660 εἶπαν
1407 585 1568 682 αὗτῇ
1605 586 1879 683 ᾍδελφὴ
1921 589 2098 682 ἡμῶν
2146 585 2232 659 εἶ·
2297 587 2472 679 γίνου
2514 588 2611 671 εἷς

379 692 680 781 χιλιάδας
729 692 1078 784 μυριάδων,
1142 696 1254 763 καὶ
1298 692 1839 786 κληρονομησάτω
1897 695 1973 765 τὸ
2022 695 2285 786 σπέρμα
2328 717 2445 763 σου
2490 694 2611 774 τὰς

385 797 614 881 πόλεις
677 804 806 866 τῶν
879 798 1294 869 ὑπεναντίων.
1395 805 1454 845 ⁶1
1468 792 1808 868 ἀναστᾶσα
1878 800 1953 868 δὲ
2001 798 2306 887 Ῥεβέκκα
2368 799 2481 867 καὶ
2538 795 2631 870 αἶ.

384 905 581 994 ἅβραι
635 896 831 994 αὐτῆς
889 902 1221 993 ἐπέβησαν
1267 903 1385 974 ἐπὶ
1429 907 1549 985 τὰς
1590 901 1937 996 καμήλους,
1996 904 2111 973 καὶ
2154 900 2607 993 ἐπορεύθησαν

319 1023 352 1069 5
383 1010 550 1094 μετὰ
609 1013 728 1075 τοῦ
784 1000 1169 1095 ἀνθρώπου·
1241 1009 1353 1075 καὶ
1400 1001 1747 1095 α’ναλαβών
1791 1005 1827 1077 ὁ
1886 1014 2053 1088 παῖς
2112 1008 2231 1099 τὴν
2267 1004 2610 1092 Ῥεβέκκαν

383 1107 702 1204 ἀπῆλθεν.
801 1105 1093 1180 6ΨΙσαοῖεκ
1147 1112 1222 1180 δὲ
1264 1113 1679 1203 διεπορεύετο
1724 1113 1834 1181 διὰ
1878 1119 1995 1202 τῆς
2038 1108 2271 1203 ε’ρήμου
2315 1113 2481 1179 κατὰ
2528 1109 2606 1180 τὸ

385 1216 593 1307 φρέαρ
647 1221 764 1304 τῆς
810 1211 1094 1304 ὁράσεως
1111 1241 1124 1255 ·
1199 1209 1394 1296 αὐτὸς
1449 1216 1524 1284 δὲ
1584 1211 1861 1305 κατῴκει
1922 1216 1990 1284 ἓν
2049 1222 2130 1306 τῇ
2184 1221 2265 1306 γῇ
2318 1221 2399 1306 τῇ
2440 1217 2609 1305 πρὸς

384 1320 556 1408 λίβα.
649 1320 832 1388 6ξ”καὶ
887 1319 1159 1407 ἐξῆλθεν
1197 1312 1426 1388 Ἰσαὰκ
1490 1313 1916 1411 ἅδολεσχῆσαι
1971 1318 2067 1400 εἶς
2109 1319 2185 1388 τὸ
2247 1317 2479 1388 πεδίον
2528 1320 2605 1388 τὸ

385 1426 556 1514 πρὸς
597 1422 812 1513 δείλης
826 1477 841 1508 ,
889 1424 1001 1491 καὶ
1047 1416 1428 1513 ἀναβλέψας
1469 1430 1615 1505 τοῖς
1654 1417 2035 1514 ὀφθαλμοῖς
2082 1416 2276 1493 αὐτοῦ
2320 1417 2452 1491 εἶδε
2495 1449 2609 1491 κα-

287 1544 352 1589 10
383 1528 624 1618 μήλους
666 1526 1023 1616 ἑρχομένας.
1123 1528 1306 1595 64’καὶ
1353 1520 1789 1617 ἆναβλέψασα
1822 1526 2125 1614 Ῥεβέκκα
2166 1534 2308 1608 τοῖς
2342 1520 2608 1617 ὀφθαλ-

384 1636 539 1714 μοῖς
594 1624 726 1698 εἶδε
781 1632 898 1700 τὸν
949 1623 1181 1698 Ἰσαὰκ
1239 1632 1354 1699 καὶ
1414 1629 1858 1722 κατεπήδησεν
1920 1624 2062 1699 άπὸ
2125 1638 2241 1721 τῆς
2302 1631 2605 1720 καμήλου,

393 1739 454 1778 ⁶⁵
468 1736 582 1802 καὶ
625 1727 774 1801 εἶπε
813 1740 908 1824 τῷ
943 1735 1142 1803 παιδὶ
1178 1733 1300 1815 Τίς
1335 1734 1511 1802 ἔστιν
1539 1732 1576 1803 ὁ
1608 1733 1966 1825 ἄνθρωπος
1994 1734 2235 1814 ἐκεῖνος
2262 1731 2298 1802 ὁ
2332 1730 2610 1822 πορευό-

383 1864 574 1924 μενος
630 1838 699 1906 ἕν
758 1844 857 1929 τῷ
911 1837 1123 1926 πεδίῳ
1183 1835 1280 1917 εἶς
1335 1838 1713 1928 συνάντησιν
1774 1836 1927 1929 ἡμῖν
1941 1869 1963 1923 ,-
2036 1832 2187 1905 εἶπε
2245 1838 2319 1905 δὲ
2364 1834 2400 1908 ὃ
2444 1844 2611 1918 παῖς

392 1935 595 2022 Οὗτός
655 1941 830 2010 ἐστιν
894 1938 930 2011 ὃ
991 1939 1208 2031 κύριός
1273 1963 1426 2027 μου·
1511 1941 1550 2032 ἡ
1611 1942 1685 2010 δὲ
1747 1944 2037 2029 λαβοῦσα
2106 1940 2182 2010 τὸ
2260 1940 2609 2032 θέριστρον

287 2078 352 2124 15
386 2041 830 2134 περιεβάλετο.
923 2050 982 2089 ⁶⁶
995 2046 1106 2113 καὶ
1166 2045 1514 2135 διηγήσατο
1550 2044 1588 2114 ὁ
1634 2050 1799 2125 παῖς
1854 2052 1951 2134 τῷ
1987 2038 2216 2114 Ἰσαὰκ
2259 2042 2482 2113 πάντα
2522 2048 2609 2120 τὰ

390 2146 670 2241 ῥήματα,
718 2146 763 2217 ἃ
801 2148 1126 2240 ἐποίησεν.
1195 2148 1538 2239 ο’ῖεῖσῆλθε
1581 2151 1655 2218 δὲ
1694 2142 1927 2219 Ἰσαὰκ
1982 2148 2078 2231 εἷς
2117 2149 2231 2221 τὸν
2274 2144 2455 2219 οἶκον
2497 2156 2612 2241 τῆς

527 2465 558 2519 1
593 2472 821 2538 ρεβεκκα
858 2480 914 2518 m
980 2464 989 2532 Ι
1045 2466 1076 2520 1
1111 2464 1237 2534 post
1283 2470 1546 2540 ρεβεκκαν
1581 2464 1649 2533 -Ι-
1688 2481 1788 2532 την
1834 2462 2085 2535 αδελφην
2129 2481 2314 2517 αυτων
2348 2460 2445 2517 AD
2488 2461 2608 2532 [em

383 2553 629 2620 superest
663 2551 828 2622 ελφη]
869 2551 1052 2604 Eemtz
1119 2552 1128 2618 Ι
1196 2553 1226 2605 1
1265 2568 1426 2605 ειπον
1463 2567 1520 2605 ez
1586 2551 1596 2620 Ι
1667 2549 1701 2602 2
1740 2550 2037 2619 χειλιαδας
2071 2549 2120 2602 D
2176 2550 2447 2619 [superest
2487 2565 2607 2619 χει-

381 2637 496 2706 aaa]
577 2641 587 2704 Ι
666 2635 753 2706 213
800 2656 893 2689 και
942 2639 977 2692 2
1023 2652 1194 2706 usque
1239 2635 1310 2692 ad
1362 2655 1472 2690 των
1517 2657 1552 2688 υ
1596 2637 1632 2691 3
1681 2676 1713 2700 ,,
1730 2637 2033 2691 atramento
2080 2651 2219 2690 nouo
2264 2635 2524 2691 obductae
2576 2650 2609 2688 a

380 2740 543 2777 manu
592 2723 840 2777 recenti“
875 2723 924 2778 A
989 2726 998 2792 Ι
1063 2725 1098 2777 3
1152 2740 1362 2778 αναστα
1406 2722 1455 2776 A
1475 2728 1518 2788 ¹,
1554 2723 1730 2792 prima
1769 2739 1932 2778 manu
1982 2723 2279 2776 correctum
2343 2724 2352 2791 Ι
2414 2724 2449 2777 3
2482 2724 2609 2776 ante

381 2816 611 2880 ρεβεκκα
658 2810 724 2878 -Ι-
774 2829 806 2875 η
843 2825 896 2873 e,
957 2810 1081 2879 post
1129 2816 1360 2880 ρεβεκκα
1411 2813 1475 2878 -Ι-
1527 2811 1783 2875 απηλθεν
1817 2808 1868 2861 D
1894 2807 2024 2877 [aaz
2084 2807 2321 2878 spatium
2378 2809 2609 2862 assenti-

379 2896 490 2966 tur]
558 2897 565 2965 Ι
629 2897 668 2950 4
701 2894 888 2969 αβραι]
940 2893 1186 2964 „Aquila
1232 2896 1563 2959 παιδισκαι,
1626 2893 1975 2964 Symmachus
2036 2909 2269 2968 κορασια
2288 2898 2320 2920 “
2362 2894 2422 2947 in
2466 2910 2607 2948 mar-

381 2982 507 3050 gine
541 2982 576 3035 b
666 2981 675 3051 Ι
755 2981 788 3035 5
827 2999 970 3051 μετα
1019 3001 1116 3035 του
1166 2986 1473 3055 ανθρωπου
1510 2980 1763 3045 Εᾶδοπιῒι,
1824 3000 1969 3052 μετα
2011 3000 2108 3033 του
2143 2979 2216 3045 A,
2277 2979 2337 3034 in
2391 2996 2493 3050 quo
2544 3001 2607 3034 το

384 3069 514 3137 [non
564 3087 596 3121 υ
645 3081 871 3136 sequens
885 3065 948 3136 ‘?]
1011 3106 1043 3131 ‚,
1063 3067 1355 3136 rescriptae
1411 3070 1540 3122 sunt
1596 3083 1631 3121 a
1683 3084 1847 3121 manu
1911 3066 2139 3122 recenti:
2202 3069 2383 3121 cetera
2434 3067 2608 3138 perie-

381 3156 509 3207 runt
567 3169 688 3207 eum
746 3169 1073 3223 pergamena
1125 3153 1409 3208 abscissa“
1451 3155 1460 3222 Ι
1504 3154 1536 3207 5
1583 3173 1677 3208 και
1734 3157 2025 3221 αναλαβων
2076 3153 2409 3218 ADabemtz‚
2472 3172 2609 3207 ανα-

386 3243 567 3308 λαβων
599 3240 662 3292 δε
695 3239 741 3293 E
807 3241 816 3308 Ι
883 3240 916 3293 5
953 3247 1185 3313 ρεβεκκα
1219 3257 1276 3294 m
1342 3243 1352 3306 Ι
1412 3241 1445 3294 6
1486 3257 1783 3315 επορευετο
1817 3239 2102 3295 ADEemtz
2146 3242 2155 3309 Ι
2209 3240 2241 3293 7
2279 3260 2345 3314 τῃ
2379 3240 2608 3294 alterum

384 3333 452 3384 >
486 3324 591 3378 ΕΟΖ
651 3327 660 3392 Ι
720 3326 756 3379 8
793 3345 886 3379 και
925 3327 1177 3396 εξηλθεν]
1216 3329 1413 3394 εξηλθε
1451 3327 1514 3380 δε
1551 3343 1580 3380 c
1630 3327 1637 3395 Ι
1684 3326 1721 3380 8
1759 3326 2120 3397 αδολεσχισαι
2154 3343 2182 3378 z
2247 3327 2257 3393 Ι
2318 3327 2353 3380 8
2410 3326 2607 3396 „Sym-

381 3411 602 3464 machus
639 3414 873 3478 λαλησαι
908 3429 968 3465 εν
1001 3432 1076 3482 τῳ
1115 3432 1266 3486 αγρῳ
1282 3452 1294 3463 .
1348 3412 1547 3482 Aquila
1594 3415 1858 3483 ομιλησαι
1894 3428 1955 3465 εν
1979 3431 2140 3487 χωρᾳ
2160 3453 2173 3466 .
2225 3411 2374 3466 schol
2412 3415 2607 3479 εξηλθε

383 3516 520 3549 κατα
556 3515 733 3568 μονας
766 3517 882 3557 τοις
915 3498 1085 3557 ιδιοις
1132 3502 1431 3568 λογισμοις
1479 3502 1805 3568 ενομιλησαι
1822 3537 1835 3550 .
1892 3517 1959 3550 ου
1996 3516 2325 3573 προσκειται
2361 3498 2427 3551 δε
2469 3503 2606 3551 τίνι.

385 3597 632 3646 εικοτως,
697 3600 822 3636 επει
870 3583 1018 3652 μηδε
1067 3589 1385 3656 ανθρωπων
1427 3602 1460 3648 η
1508 3602 1733 3650 τοιαυτῃ
1787 3585 1982 3655 ομιλια
2028 3602 2269 3652 γινεται,
2334 3586 2435 3637 αλλ
2486 3604 2605 3651 ητοι

383 3683 526 3739 προς
558 3674 697 3722 θεον
737 3688 770 3735 η
821 3687 988 3721 auton
1034 3686 1185 3729 τινος
1231 3687 1374 3741 προς
1406 3671 1645 3723 εαυτον“
1685 3667 1721 3722 b
1743 3669 1803 3722 in
1838 3669 2083 3738 margine
2146 3674 2155 3737 Ι
2202 3670 2257 3724 ,8
2293 3687 2353 3724 εν
2387 3690 2465 3724 τω
2504 3688 2609 3724 πε-

386 3753 490 3807 διω
525 3771 554 3808 e
607 3755 616 3824 Ι
671 3755 706 3808 8
740 3755 978 3808 παιδιον
1010 3753 1059 3808 A
1113 3757 1122 3823 Ι
1194 3755 1228 3808 8
1261 3773 1327 3807 το
1367 3754 1597 3808 alterum
1631 3763 1699 3814 >
1734 3754 1811 3808 Eo
1863 3755 1871 3824 Ι
1926 3755 1959 3808 9
1996 3757 2189 3824 δειλην
2221 3773 2276 3821 e,
2328 3757 2494 3823 δηλης
2525 3773 2556 3809 z
2596 3756 2605 3825 Ι

385 3840 420 3892 9
455 3860 625 3894 αυτου
660 3850 731 3901 >
752 3839 1039 3895 ADEemtz
1070 3839 1078 3910 Ι
1109 3840 1142 3893 9
1181 3841 1305 3893 ιδεν
1339 3839 1438 3894 AD
1476 3839 1748 3909 [superest
1782 3841 1865 3910 ιδ]
1906 3841 1977 3905 Ε,
2038 3843 2193 3896 ειδεν
2231 3845 2315 3905 t1,
2369 3841 2460 3894 ιδε
2508 3858 2539 3894 z
2595 3840 2604 3910 Ι

386 3926 450 3978 11
499 3926 620 3979 ιδεν
655 3925 778 3991 AE,
829 3927 980 3980 ειδεν
1014 3929 1042 3980 t
1105 3926 1115 3996 Ι
1191 3925 1256 3979 12
1292 3943 1450 3980 ειπεν
1483 3925 1644 3980 AEt¹
1708 3927 1718 3994 Ι
1786 3927 1856 3982 12
1893 3928 2105 3982 παιδιω
2141 3946 2170 3980 z
2233 3932 2243 3996 Ι
2310 3926 2379 3980 12
2414 3945 2468 3979 τι
2504 3943 2532 3978 z
2596 3926 2605 3997 Ι

386 4011 454 4064 12
487 4028 692 4072 εκεινος
728 4022 798 4073 >
834 4031 862 4065 z
927 4013 940 4082 Ι
993 4012 1062 4065 18
1097 4029 1158 4065 εν
1192 4031 1270 4080 τῳ
1308 4011 1488 4080 πεδιῳ
1523 4020 1591 4069 >
1616 4011 1661 4064 Ε
1728 4010 1736 4080 Ι
1805 4011 1873 4065 13
1909 4013 2123 4066 παιδιω
2156 4013 2206 4067 A
2273 4013 2281 4082 Ι
2347 4013 2416 4067 13
2451 4031 2610 4083 ημων

383 4097 567 4151 Eemtz
621 4098 630 4168 Ι
685 4100 754 4154 13
792 4116 949 4152 ειπεν
983 4098 1105 4153 AEt
1124 4103 1144 4134 1
1199 4097 1206 4165 Ι
1265 4097 1331 4152 14
1365 4097 1578 4167 integer
1630 4100 1686 4151 et
1721 4098 1787 4153 15
1840 4113 2009 4167 usque
2044 4097 2115 4152 ad
2162 4117 2194 4150 ο
2230 4107 2365 4157 παις
2398 4107 2467 4157 >
2503 4115 2531 4149 z
2595 4097 2605 4168 Ι

384 4184 454 4237 14
503 4199 656 4238 εστιν
688 4194 758 4245 >
796 4201 824 4238 e
887 4184 894 4253 Ι
961 4187 1030 4241 14
1076 4191 1336 4260 θεριστον
1379 4184 1407 4237 t
1447 4185 1457 4250 Ι
1499 4184 1565 4238 16
1612 4203 1649 4235 α
1698 4197 1963 4249 εποιησεν
2007 4182 2262 4248 ADabcz,
2322 4202 2498 4237 ταυτα
2545 4183 2609 4250 Ε,

383 4289 556 4323 ταυτα
606 4290 642 4323 α
681 4285 916 4338 εποιησε
956 4272 1073 4341 [sic]
1111 4287 1193 4336 m,
1254 4289 1426 4324 ταυτα
1464 4289 1500 4322 α
1539 4283 1807 4336 εποιησεν
1840 4271 1867 4323 t
1921 4270 1930 4340 Ι
1987 4269 2054 4324 16
2092 4272 2353 4336 εισηλθεν
2385 4268 2559 4324 ADEt
2597 4271 2605 4341 Ι

383 4357 510 4422 1611
566 4395 597 4420 ,,
614 4354 814 4426 Aquila
871 4371 1168 4428 εισηγαγεν
1229 4375 1398 4424 avt-nv
1452 4374 1530 4415 εις
1581 4373 1682 4422 την
1737 4369 1942 4423 σκηνην
1989 4369 2194 4430 σαρρας
2256 4375 2348 4423 της
2399 4377 2611 4433 μητρος

384 4445 600 4492 αυτου“
636 4441 673 4496 b
695 4451 792 4496 ηε.
830 4441 974 4498 idem
1009 4460 1066 4497 m
1107 4447 1118 4514 Ι
1156 4444 1279 4513 1611
1313 4462 1407 4510 της
1436 4464 1481 4515 μ
1520 4441 1697 4511 prima
1727 4458 1890 4497 manu
1921 4441 1980 4497 in
2013 4457 2204 4496 rasura
2240 4442 2289 4495 A
