3169 4941
321 1002 352 1055 1
528 989 898 1075 Hieronymi
952 993 1280 1059 hebraicae
1335 992 1733 1077 quaestiones
1781 993 1849 1058 in
1902 993 2065 1059 libro
2123 993 2459 1061 Geneseos.

563 1170 686 1250 Qui
738 1172 805 1236 in
855 1172 1179 1257 principiis
1224 1172 1532 1238 librorum
1580 1173 1884 1238 debebam
1928 1173 2209 1240 secuturi
2254 1173 2457 1258 operis
2502 1193 2606 1239 ar-

386 1277 688 1358 gumenta
708 1275 1071 1360 proponere,
1103 1296 1293 1361 cogor
1320 1277 1492 1360 prius
1518 1277 1891 1362 respondere
1916 1279 2288 1357 maledictis,
2329 1279 2607 1344 Terentii

389 1379 704 1463 quippiam
752 1382 1095 1460 sustinone,
1158 1382 1266 1463 qui
1314 1380 1781 1448 comoediarum
1824 1381 2121 1466 prologos
2176 1383 2245 1447 in
2292 1382 2601 1448 defensio-

317 1485 352 1538 5
385 1501 531 1548 nem
587 1485 685 1549 sui
743 1484 944 1549 scenis
994 1484 1201 1550 dabat.
1301 1486 1612 1569 urguebat
1661 1485 1827 1551 enim
1871 1505 2014 1551 eum
2058 1487 2325 1552 Luscius
2368 1486 2602 1551 Lanui-

385 1605 503 1651 nus
521 1636 536 1665 ,
612 1591 828 1654 nostro
873 1589 1098 1655 Luscio
1146 1589 1398 1670 similis,
1461 1592 1526 1654 et
1571 1590 1750 1673 quasi
1792 1589 2028 1673 publici
2074 1590 2298 1656 aerarii
2353 1592 2606 1675 poetam

384 1691 587 1755 furem
651 1691 1118 1758 criminabatur.
1231 1695 1352 1758 hoc
1423 1692 1594 1758 idem
1660 1712 1885 1777 passus
1949 1694 2046 1758 est
2091 1694 2170 1759 ab
2216 1693 2483 1760 aemulis
2541 1696 2606 1760 et

383 1796 763 1861 mantuanus
807 1798 986 1862 uates
1003 1846 1018 1876 ,
1061 1799 1163 1877 ut,
1212 1817 1356 1862 cum
1401 1798 1706 1880 quosdam
1749 1815 1971 1863 uersus
2012 1797 2276 1863 Homeri
2319 1799 2602 1863 transtu-

381 1897 560 1965 lisset
623 1901 703 1964 ad
764 1901 1021 1966 uerbum
1043 1951 1058 1980 ,
1158 1902 1506 1986 conpilator
1575 1904 1865 1967 ueterum
1927 1901 2257 1966 diceretur.
2381 1902 2604 1986 quibus

281 2011 350 2064 10
381 2003 489 2068 ille
535 2004 858 2088 respondit
905 2024 1280 2090 magnarum
1321 2023 1459 2070 esse
1497 2005 1736 2070 uirium
1778 2004 2026 2071 clauam
2069 2004 2333 2070 Herculi
2395 2006 2603 2072 extor-

385 2127 571 2191 quere
631 2107 706 2173 de
759 2129 968 2176 manu.
1084 2110 1194 2175 sed
1255 2112 1318 2176 et
1374 2109 1650 2188 Tullius,
1712 2110 1820 2192 qui
1876 2109 1944 2173 in
2004 2127 2146 2174 arce
2209 2109 2603 2193 eloquentiae

383 2229 681 2277 romanae
729 2214 938 2291 stetit,
997 2232 1104 2277 rex
1151 2215 1475 2279 oratorum
1521 2214 1587 2278 et
1629 2212 1866 2278 latinae
1911 2212 2166 2296 linguae
2210 2214 2601 2292 inlustrator,

380 2314 870 2398 repetundarum
932 2319 1264 2382 accusatur
1321 2337 1358 2382 a
1405 2316 1685 2382 Graecis.
1807 2335 1934 2382 non
1989 2317 2223 2381 mirum
2288 2337 2471 2401 erge,
2546 2317 2602 2381 si

383 2421 604 2487 contra
669 2439 771 2486 me
831 2439 1100 2505 paruum
1172 2419 1627 2487 homunculum
1691 2420 1979 2485 inmundi
2050 2438 2194 2486 sues
2258 2420 2605 2505 grunniant

278 2531 346 2587 15
383 2526 448 2590 et
493 2524 754 2609 pedibus
800 2526 1178 2610 margaritas
1224 2525 1627 2602 conculcent,
1676 2544 1821 2589 cum
1864 2525 2164 2588 aduersus
2208 2522 2601 2589 doctissimos

379 2628 552 2693 uiros
599 2630 664 2693 et
709 2630 816 2711 qui
862 2628 1066 2713 gloria
1104 2628 1408 2694 inuidiam
1453 2647 1748 2712 superare
1796 2626 2168 2711 debuerant,
2213 2626 2379 2693 liuor
2424 2647 2601 2693 exar-

381 2733 552 2797 serit.
643 2751 864 2797 uerum
917 2734 1038 2797 hoc
1076 2732 1206 2797 illis
1251 2732 1477 2797 merito
1536 2732 1799 2811 accidit,
1864 2749 2128 2815 quorum
2185 2730 2252 2793 in
2312 2730 2599 2809 theatris,

378 2836 585 2913 curia,
645 2837 967 2915 contione,
1026 2856 1138 2920 pro
1183 2836 1406 2903 rostris
1453 2834 1810 2919 eloquentia
1862 2834 2266 2919 pertonabat:
2358 2852 2602 2920 semper

383 2940 551 3005 enim
598 2941 666 3005 in
711 2941 1042 3025 propatulo
1090 2940 1392 3007 fortitudo
1439 2940 1722 3006 aemulos
1764 2940 1979 3017 habet,
2022 2940 2383 3021 feriuntque
2442 2959 2603 3001 eum-

275 3055 348 3109 20
380 3064 508 3106 mos
533 3044 804 3127 fulyura
846 3052 1104 3110 montes:
1194 3064 1297 3110 me
1342 3063 1492 3110 uero
1537 3043 1760 3131 procul
1804 3044 1883 3109 ab
1930 3041 2213 3119 urbibus,
2260 3041 2426 3119 foro,
2471 3040 2601 3106 liti-

380 3145 499 3211 bus
519 3197 534 3227 ,
579 3150 783 3214 turbis
824 3151 1140 3215 remotum
1156 3198 1171 3227 ,
1229 3154 1318 3213 sic
1360 3171 1587 3233 quoque
1632 3149 1743 3231 (ut
1788 3139 2208 3239 Quintilianus
2251 3145 2376 3229 ait)
2419 3148 2603 3209 laten-

379 3255 498 3313 tem
541 3254 770 3315 inuenit
813 3254 1066 3315 inuidia.
1111 3251 1276 3316 unde
1321 3253 1627 3317 lectorem
1666 3251 1923 3316 obsecro
1970 3248 2057 3336 (si
2084 3254 2218 3333 quis
2242 3256 2439 3313 tamen
2460 3252 2605 3313 haee

381 3375 636 3436 quoque,
701 3358 762 3416 si
799 3360 934 3436 quis
974 3360 1181 3439 captus
1225 3377 1427 3420 amore
1470 3354 1667 3440 ἱεροί)
1715 3356 1791 3419 ut
1831 3354 1899 3417 in
1940 3352 2120 3419 libris
2164 3352 2603 3417 hebraicarum

522 3499 590 3553 19
623 3500 793 3551 Horat
827 3516 964 3552 carm
1000 3506 1034 3566 β
1074 3502 1156 3564 10,
1197 3501 1262 3555 11
1300 3501 1368 3557 12
1398 3504 1408 3567 Ι
1437 3503 1505 3555 21
1544 3500 1779 3557 Quintil?
1812 3500 1822 3563 Ι
1852 3501 1921 3554 22
1956 3497 2141 3561 Uergil
2178 3498 2255 3549 ecl
2293 3498 2343 3560 6,
2372 3500 2405 3552 9
2436 3498 2504 3553 lo

474 3620 496 3641 ‘
524 3617 554 3671 1
593 3618 690 3676 Qus‘
733 3621 910 3667 titulus
951 3622 1212 3683 praefixus
1257 3622 1321 3669 eit
1353 3621 1412 3669 ab
1450 3620 1755 3678 meronmo
1802 3619 1926 3680 apso,
1963 3617 2141 3664 nescio.
2225 3613 2411 3679 incipit
2442 3614 2601 3665 Liber

383 3704 703 3770 questionum
714 3703 1084 3755 Hebraicarum
1103 3723 1164 3774 φ,
1190 3704 1413 3755 Sofronii
1425 3704 1643 3755 Eusebii
1667 3701 1961 3752 Hieronimi
1983 3698 2222 3751 inLibris
2248 3699 2601 3751 hebraicarum

381 3791 714 3856 questionum.
753 3791 945 3856 Incipit
967 3790 1242 3856 Prologus.
1284 3795 1398 3842 ante
1435 3807 1488 3841 ee
1526 3789 1770 3841 inauditis
1806 3794 1911 3839 tam
1948 3786 2111 3852 grecie
2154 3800 2302 3851 quam
2324 3785 2526 3835 Latinis
2550 3791 2600 3852 β.

381 3880 702 3941 inscriptione
739 3886 906 3928 carent
937 3895 1036 3947 μγ.
1121 3881 1158 3944 β
1194 3882 1250 3927 in
1295 3880 1453 3927 indice
1491 3879 1725 3930 librorum
1771 3877 2014 3925 uolumini
2051 3875 2320 3935 praemineo
2360 3871 2598 3922 leronimi

383 3962 686 4019 Queetiones
709 3964 766 4013 in
805 3963 939 4014 libro
971 3978 1238 4028 geneseos,
1281 3980 1328 4033 φ
1366 3966 1524 4013 eodem
1560 3965 1661 4012 loeo
1683 3962 1841 4012 Liber
1866 3960 2217 4026 quaestionum
2252 3956 2596 4027 ebraicarum'

383 4046 419 4101 2
454 4049 696 4100 debebam
739 4055 855 4121 βγμ
875 4089 889 4112 ,
948 4049 1158 4100 debeam
1201 4066 1248 4119 φ
1288 4051 1298 4114 1
1342 4048 1377 4102 2
1417 4048 1642 4100 secuturi
1688 4052 1761 4115 βγ
1779 4048 1815 4108 ²,
1876 4045 2161 4097 eecucuturi
2197 4047 2277 4111 7¹,
2331 4044 2496 4093 securi
2536 4062 2599 4113 φ,

385 4135 547 4187 secuti
580 4154 622 4205 μ
670 4137 679 4201 Ι
721 4136 755 4189 5
795 4152 908 4187 eum
944 4143 1013 4192 >
1046 4152 1139 4205 μφ
1181 4136 1191 4199 1
1231 4134 1266 4190 5
1301 4134 1486 4187 Iustius
1523 4152 1570 4204 φ
1612 4132 1752 4199 1‚5s6
1795 4132 2032 4183 lanuinus
2069 4134 2285 4199 βῑγμφ,
2332 4129 2602 4179 lanuuinue

383 4222 446 4289 β’
476 4222 485 4286 Ι
516 4221 550 4276 6
587 4220 743 4271 lustio
783 4239 846 4291 φ,
879 4220 1017 4272 lucio
1043 4226 1078 4287 β
1123 4222 1132 4286 Ι
1171 4220 1202 4273 ‘t
1239 4221 1404 4290 qmulo
1449 4240 1492 4291 μ
1510 4259 1526 4285 ,
1571 4224 1724 4271 cauda
1758 4222 1825 4269 ad
1852 4235 1878 4269 e
1917 4222 2077 4269 σοφίαι
2122 4216 2293 4265 addita
2336 4224 2382 4264 ee
2424 4224 2535 4264 ante
2570 4230 2597 4265 e

385 4311 529 4357 litera
563 4310 777 4358 radendo
810 4310 970 4358 deleta
1013 4306 1022 4373 Ι
1065 4307 1136 4362 14
1169 4308 1456 4359 immundae
1486 4324 1561 4377 φ,
1600 4305 1845 4373 ίῐιιιιιιιιᾶοι
1876 4324 1919 4374 μ
1952 4304 1961 4372 Ι
1994 4303 2063 4358 15
2094 4301 2421 4365 margaritam
2455 4316 2548 4372 μφ
2589 4296 2598 4373 Ι

387 4392 456 4451 15
491 4393 758 4445 aduersum
795 4412 840 4465 φ

2048 4458 2077 4517 1
