3169 4941
1295 448 1520 509 Genesis
1551 450 1641 511 22.
1928 528 1939 537 ·
2512 452 2583 513 81

507 508 538 533 O

254 641 281 687 1
353 610 686 697 τεχόμενος
759 610 826 678 ἐν
897 615 1082 701 φυτῷ
1151 612 1362 699 §affin
1452 618 1579 681 τῶν
1654 611 1954 703 κεράτων.
2064 614 2177 682 καὶ
2250 614 2586 707 ἐπορεύθη

358 713 662 805 Ἀβραὰμ
709 714 822 782 καὶ
877 712 1071 801 ἐλαβε
1112 715 1228 783 τὸν
1267 716 1470 804 κριόν,
1531 717 1646 784 καὶ
1698 713 2023 808 ἀνήνεγκεν
2066 716 2258 787 αὐτὸν
2300 718 2393 800 εἶς
2435 718 2588 789 ὁλο-

354 817 694 908 κάρπωσιν
757 812 905 886 ἀντὶ
971 816 1202 886 Ἰσαὰκ
1286 826 1400 887 τοῦ
1473 818 1613 888 υἱοῦ
1684 818 1903 890 αὐτοῦ.
2029 823 2224 903 14,καὶ
2296 822 2589 892 ἐκάλεσεν

360 920 664 1012 Ἀβραὰμ
740 922 817 989 τὸ
884 920 1086 1008 ὄνομα
1143 927 1260 990 τοῦ
1325 919 1537 992 τόπου
1612 922 1857 1006 ἐκείνου
1911 922 2154 1015 Κύριος
2214 920 2407 995 εἶδεν·
2481 930 2588 995 ἵνα

257 1053 288 1099 5
359 1024 601 1095 εἴπωσι
660 1021 933 1115 σήμερον
973 1029 1068 1093 Ἐν
1127 1034 1220 1115 τῷ
1267 1025 1404 1115 ὄρει
1461 1024 1680 1116 κύριος
1738 1025 1957 1119 ὤφθη.
2055 1033 2114 1071 ¹⁵
2128 1030 2241 1097 καὶ
2288 1027 2589 1099 ἐκάλεσεν

361 1128 628 1218 ἅγγελος
679 1127 897 1217 κυρίου
953 1129 1066 1197 τὸν
1093 1128 1392 1220 Ἀβραὰμ
1455 1128 1747 1220 δεύτερον
1807 1132 1883 1200 ἐκ
1924 1136 2040 1200 τοῢ
2082 1131 2354 1224 οὐρανοῦ
2395 1134 2595 1222 λέγων

373 1236 610 1301 1⁶Kav’
659 1233 937 1318 ἐμαυτοῦ
986 1230 1244 1318 ὤμοσα,
1323 1232 1494 1321 λέγει
1535 1235 1782 1325 κύριος,
1856 1228 1933 1303 οὗ
1992 1238 2228 1305 εἵνεκεν
2273 1236 2595 1329 ἐποίησας

363 1338 441 1405 τὸ
489 1345 657 1427 ῥῆμα
711 1340 902 1405 τοῦτο
960 1337 1074 1404 καὶ
1121 1334 1244 1404 οὐκ
1305 1336 1551 1427 ἐφείσω
1595 1347 1711 1407 τοῦ
1752 1336 1894 1407 υἱοῦ
1937 1364 2056 1408 σου
2098 1348 2213 1408 τοῦ
2257 1338 2597 1433 ἀγαπητοῦ

367 1444 448 1509 δι’
497 1440 614 1527 ἐμέ
626 1495 643 1526 ,
724 1435 837 1530 1Ἷῆ
880 1441 1003 1531 μὴν
1043 1434 1319 1528 εὐλογῶν
1361 1439 1680 1533 εὖλογήσω
1730 1465 1833 1526 σε,
1881 1442 1995 1511 καὶ
2039 1444 2385 1534 πληθύνων
2425 1448 2595 1537 πλη-

266 1564 330 1609 10
368 1552 554 1613 θυνῶ
611 1545 688 1614 τὸ
744 1544 1009 1632 σπέρμα
1060 1568 1178 1613 σου
1215 1542 1306 1625 ὥς
1347 1546 1501 1625 τούς
1541 1542 1819 1635 ἀστέρας
1874 1551 1990 1614 τοῦ
2035 1546 2301 1637 οὐρανοῦ
2346 1548 2460 1616 καὶ
2504 1547 2554 1616 a‘
2561 1577 2596 1631 ς

367 1651 486 1740 τὴν
529 1646 745 1735 ἄμμον
792 1648 908 1738 τὴν
948 1649 1135 1736 παρὰ
1178 1649 1254 1717 τὸ
1290 1652 1503 1732 χεῖλος
1537 1654 1651 1739 τῆς
1696 1644 2074 1740 θαλάσσης·
2148 1651 2261 1719 καὶ
2299 1656 2594 1743 κληρονο-

369 1750 565 1844 μήσει
617 1753 695 1821 τὸ
755 1752 1019 1842 σπέρμα
1080 1774 1198 1819 σου
1255 1752 1378 1833 τὰς
1435 1751 1666 1832 πόλεις
1719 1758 1847 1820 τῶν
1892 1750 2314 1840 ὑπεναντίων,
2402 1756 2594 1823 ῑὸκαὶ

370 1857 983 1947 ἐνευλογηθήσονται
1035 1855 1104 1923 ἐν
1160 1864 1254 1945 τῷ
1311 1854 1646 1945 σπέρματί
1701 1879 1818 1924 σου
1874 1858 2097 1925 πάντα
2152 1858 2236 1926 τὰ
2278 1856 2442 1950 ἐθνη
2481 1866 2595 1951 τῆς

369 1966 508 2052 γῆς,
567 1957 714 2028 ἀνθ’
770 1954 858 2027 ὧν
911 1957 1279 2050 ὑπήκουσας
1331 1964 1446 2050 τῆς
1485 1960 1642 2051 ἐμῆς
1686 1969 1921 2052 φωνῆς.
2015 1966 2074 2007 ¹⁹
2088 1958 2479 2053 ἀπεστράφη
2519 1964 2595 2031 δὲ

273 2082 337 2127 15
371 2054 671 2155 Ἀβραὰμ
715 2064 884 2154 πρὸς
940 2064 1093 2144 τούς
1137 2066 1389 2143 παῖδας
1433 2062 1628 2132 αὐτοῦ
1645 2119 1662 2149 ,
1728 2065 1838 2133 καὶ
1892 2062 2288 2148 ἀναστάντες
2331 2063 2597 2157 ἐπορεύ-

371 2176 588 2259 θησαν
633 2165 770 2253 ὂίμα
814 2167 931 2235 ἐπὶ
974 2168 1050 2235 τὸ
1095 2168 1303 2258 φρέαρ
1342 2175 1457 2235 τοῦ
1486 2167 1677 2257 ὅρκου
1692 2192 1707 2208 ·
1762 2168 1875 2237 καὶ
1908 2170 2271 2261 κατῴκησεν
2293 2163 2598 2260 ,Ἀβραὰμ

375 2272 492 2340 ἐπὶ
529 2273 608 2341 τὸ
650 2272 859 2363 φρέαρ
897 2278 1010 2340 τοῦ
1051 2270 1262 2362 ὅρκου.
1336 2276 1396 2315 ²⁰
1413 2270 1665 2359 ἐγένετο
1706 2272 1781 2341 δέ
1819 2274 1982 2359 μετὰ
2006 2274 2091 2341 τὰ
2116 2273 2369 2365 ῥήματα
2396 2279 2597 2342 ταῦτα

375 2481 473 2536 lito
511 2501 542 2533 ο
570 2495 733 2554 συρος
767 2500 860 2534 και
898 2500 929 2533 ο
956 2487 1176 2554 εβραιος
1213 2497 1560 2556 κρεμαμενος
1586 2495 1725 2552 φησι
1764 2500 1835 2540 ως
1868 2495 2212 2557 σαφεστερον
2246 2499 2465 2538 τυπουν
2499 2501 2599 2539 τον

379 2572 665 2641 σταυρον“
699 2567 736 2622 b

441 2707 450 2716 ,
516 2653 549 2706 1
585 2671 646 2707 εν
681 2674 838 2726 φυτῳ
873 2660 1044 2721 σαβεκ
1076 2670 1133 2707 rz
1172 2653 1298 2722 post
1332 2670 1443 2706 των
1479 2669 1724 2728 κερατων
1754 2653 1765 2719 Ι
1798 2652 1827 2705 1
1866 2652 2058 2722 σαβεκ]
2101 2651 2346 2722 „Aquila
2379 2659 2598 2726 συχνῷ.

379 2739 528 2793 schol
573 2759 640 2793 το
691 2747 859 2809 σαβεκ
909 2755 1117 2812 αφεσιν
1165 2757 1309 2798 τινες
1354 2738 1760 2804 εκδεὸωκασιν,
1824 2758 1878 2791 οι
1930 2739 1995 2790 δε
2046 2744 2275 2807 ορθιος,
2340 2759 2411 2799 ως
2453 2759 2598 2794 ειναι

381 2845 512 2879 amo
561 2844 624 2878 το
679 2828 982 2898 λεγομενον
1026 2844 1227 2902 τραγος
1289 2830 1460 2900 ορθος
1525 2810 1948 2893 ε’παναβεβηκως
1994 2843 2175 2895 φυτῳ.
2241 2832 2482 2878 ενταυθα
2534 2828 2600 2880 δε

305 2953 318 2964 .
382 2917 550 2984 ορθος
594 2929 704 2965 των
748 2929 989 2986 κερατων
1041 2927 1431 2980 κατεχομενος,
1499 2929 1570 2968 ως
1614 2928 1757 2964 ειναι
1808 2927 2054 2984 φανερον
2098 2928 2276 2964 τυπον
2322 2925 2560 2984 σταυρου
2586 2951 2599 2966 .

385 2998 480 3050 δια
517 3016 681 3050 τουτο
719 2997 782 3050 δε
837 3015 943 3065 ουχ
982 3013 1362 3071 ερμηνευεται,
1422 3014 1511 3048 οτι
1545 3015 1579 3062 η
1619 3001 1842 3070 εβραικη
1889 3015 1997 3065 μια
2046 3009 2185 3048 ουσα
2234 2997 2374 3056 λεξις
2420 2998 2601 3048 πολλα

364 3099 643 3154 ,σημαίνει
683 3099 1118 3158 ερμηνευομενη,
1160 3097 1301 3155 προς
1325 3083 1388 3136 δε
1410 3100 1537 3140 τους
1574 3087 2033 3151 πυνθανομενους
2070 3081 2156 3133 δἐι
2192 3087 2601 3152 αποκρινεσθαι

386 3189 478 3222 και
513 3172 696 3238 λεγειν
731 3187 817 3221 οτι
851 3155 1122 3235 ω’σαβεκ
1157 3184 1464 3242 επηρμενος
1513 3183 1799 3241 ερμηνευει
1814 3171 1848 3198 “
1897 3166 1932 3221 b
1948 3207 1961 3220 .
2012 3167 2157 3221 idem
2202 3167 2442 3222 scholion
2491 3167 2605 3224 fere

383 3255 575 3308 iisdem
609 3253 789 3309 uerbis
823 3254 881 3308 in
915 3256 1107 3308 eatena
1139 3251 1428 3322 Nicephori
1461 3253 1490 3307 I
1525 3253 1631 3308 282
1668 3257 1698 3315 ζ
1728 3256 1785 3308 et
1807 3270 1887 3308 m:
1927 3253 2123 3349 prim&
2136 3253 2303 3309 uerba
2328 3253 2605 3309 Gennadio

386 3341 644 3396 adscribit
676 3338 1011 3409 Nicephorus
1025 3379 1040 3394 .
1101 3356 1236 3409 quae
1276 3356 1304 3394 e
1341 3340 1576 3394 Diodoro
1621 3338 1787 3394 habet
1820 3338 2153 3410 Nicephorus
2168 3380 2183 3406 ‚
2246 3341 2411 3396 etiam
2456 3340 2517 3395 in
2549 3356 2606 3394 m

385 3429 639 3498 leguntur
673 3430 838 3497 atque
870 3427 951 3481 ita
985 3425 1203 3497 quidem
1243 3431 1320 3479 To
1362 3445 1422 3480 εν
1441 3446 1597 3497 φυτῳ
1636 3446 1738 3479 ουκ
1777 3433 1956 3497 εχει·ο
1992 3442 2187 3500 συρος,
2223 3445 2404 3499 μονον
2443 3425 2505 3479 δε
2540 3445 2604 3478 το

391 3522 585 3584 σαβεκ.
624 3533 790 3567 τουτο
829 3514 892 3567 δε
927 3532 991 3566 το
1030 3531 1213 3584 ονομα
1245 3531 1343 3565 του
1379 3531 1555 3584 φυτου
1593 3529 1738 3565 ειναι
1774 3513 1979 3582 νομιζω
2013 3551 2027 3565 .
2085 3530 2206 3570 τοις
2257 3511 2322 3564 δε
2366 3518 2609 3586 εβραιοις

385 3620 448 3653 το
485 3607 654 3669 σαβεκ
700 3600 851 3653 δοκει
906 3613 1112 3671 αφεσιν
1161 3613 1456 3670 σημαινειν
1475 3641 1486 3652 .
1539 3617 1635 3651 και
1682 3617 1842 3650 τουτο
1892 3597 1957 3649 δε
2009 3616 2107 3650 του
2155 3612 2463 3671 μυστηριου
2509 3616 2608 3650 του

389 3703 630 3761 σταυρου
670 3687 971 3752 δηλωτικον
1006 3702 1077 3738 αν
1121 3702 1204 3751 ειη
1239 3723 1252 3738 .
1303 3701 1332 3737 r
1367 3683 1437 3738 ad
1483 3690 1655 3751 σαβεκ
1701 3684 1759 3737 in
1806 3682 2049 3751 margine
2097 3681 2356 3737 adscribit
2399 3685 2609 3754 συχνέω

390 3772 547 3826 ἒῖπεν
580 3769 643 3825 τὸ
677 3773 850 3840 σαβέκ
889 3771 898 3840 Ι
939 3773 969 3826 1
1003 3772 1131 3824 ante
1165 3787 1275 3823 των
1310 3771 1376 3839 -Ι-
1416 3787 1476 3822 εκ
1508 3771 1622 3822 emt
1664 3769 1671 3839 Ι
1712 3770 1745 3822 2
1783 3772 1975 3838 ελαβεν
2008 3767 2107 3822 AD
2148 3768 2418 3838 [superest
2453 3765 2605 3835 αβεν]

390 3858 1041 3926 ή112απηνεγκεντ
1097 3856 1106 3925 Ι
1160 3848 2607 3928 2αυτον>812εις>ῐΙ4αβρααμ>ῙΙ

391 3943 430 3997 4
466 3960 682 3997 εκεινου
724 3951 792 4002 >
817 3961 846 3995 z
877 3945 886 4008 Ι
915 3943 954 3997 4
989 3943 1112 3996 ιδεν
1146 3940 1246 3997 AD
1277 3941 1418 4011 [GRL
1463 3941 1618 3994 οιδεν
1651 3957 1682 3995 z
1712 3940 1721 4009 Ι
1751 3940 1783 3994 5
1825 3955 2062 3994 ειπωσιν
2092 3939 2221 3993 ADr
2262 3939 2271 4008 Ι
2321 3939 2357 3994 5
2390 3956 2487 4010 ορη
2530 3952 2559 3988 z
2598 3935 2609 4004 Ι
2700 3997 2713 4012 x

391 4029 428 4083 5
463 4031 686 4082 εκαλεσε
716 4045 748 4082 z
789 4029 798 4097 Ι
838 4030 872 4083 6
907 4030 1141 4099 αγγελος
1177 4028 1398 4101 κυριου]
1434 4045 1620 4101 κυριος
1655 4043 1683 4078 z
1715 4025 1725 4095 Ι
1771 4027 1805 4081 6
1843 4025 2096 4101 δευτερον
2134 4042 2233 4079 τον
2265 4030 2490 4096 αβρααμ
2529 4038 2557 4072 z
2600 4019 2609 4088 Ι

393 4115 427 4170 7
464 4129 672 4186 ωμωσα
710 4112 776 4168 bz
822 4114 832 4184 Ι
881 4116 912 4169 7
953 4131 1136 4168 ενεκεν
1173 4130 1201 4167 c
1230 4113 1241 4184 Ι
1270 4117 1305 4170 8
1343 4127 1519 4185 εφισω
1555 4112 1607 4166 D
1653 4113 1661 4180 Ι
1705 4112 1738 4165 9
1776 4112 1835 4164 δι
1871 4129 1973 4184 εμε
2008 4119 2077 4169 >
2112 4124 2147 4162 a
2188 4111 2200 4177 Ι
2245 4109 2279 4162 9
2314 4128 2348 4174 η
2386 4104 2612 4170 aboth,

395 4219 444 4255 ει
479 4199 610 4254 ADr
662 4200 671 4267 Ι
725 4202 796 4255 13
832 4203 1303 4270 ευλογηθησονται
1339 4215 1369 4253 c
1412 4201 1422 4266 Ι
1467 4197 1699 4270 13l82‚4
1734 4211 1871 4267 quae
1903 4197 2031 4265 post
2060 4215 2137 4264 τῳ
2170 4209 2311 4267 σπερ
2345 4193 2614 4256 secuntur,

396 4293 465 4346 >
501 4288 552 4340 D
590 4300 810 4356 „usque
843 4301 895 4340 v.
922 4285 989 4341 21
1005 4290 1038 4315 ‘⁴
1077 4286 1192 4356 [GR]
1260 4289 1270 4353 Ι
1339 4286 1498 4354 13114
1530 4304 1625 4353 της
1658 4303 1762 4354 γης
1796 4294 1866 4345 >
1899 4281 1949 4335 A
2013 4281 2022 4352 Ι
2088 4281 2159 4336 14
2190 4292 2501 4345 επηκουσας
2534 4296 2562 4331 z
2601 4275 2611 4348 Ι

398 4373 468 4441 14
502 4377 842 4446 Επεστραφη
880 4386 908 4424 1·
954 4373 965 4440 Ι
1013 4373 1080 4427 16
1118 4390 1236 4444 αμα
1273 4379 1344 4432 >
1373 4371 1456 4428 Aa
1501 4373 1512 4444 Ι
1561 4374 1632 4429 16
1666 4388 1761 4426 επι
1795 4383 1965 4442 usque
2009 4366 2080 4422 ad
2116 4373 2342 4441 αβρααμ
2378 4372 2447 4425 >
2479 4365 2567 4419 mt
2601 4362 2611 4432 Ι

396 4459 466 4514 17
501 4477 564 4512 το
605 4475 784 4533 φρεαρ
817 4456 975 4525 abor,
1008 4475 1084 4511 τω
1119 4475 1318 4533 φρεατι
1351 4460 1460 4529 Az,
1491 4478 1592 4515 τωι
1625 4475 1829 4534 φρεατι
1861 4457 1944 4514 mt
