3169 4941
263 1653 591 1768 Geneseos
633 1707 895 1768 uersioni
939 1727 1189 1788 graecae
1227 1707 1418 1768 ueteri
1456 1725 1532 1768 ex
1565 1706 1827 1769 editione
1859 1725 2111 1768 romana
2152 1708 2293 1770 anni
2324 1707 2489 1772 1586

259 1805 555 1887 repetitae
625 1804 830 1866 addidi
887 1805 1356 1885 discrepantiam
1417 1805 1752 1886 scripturae
1807 1823 1839 1866 e
1898 1804 2067 1866 libris
2114 1823 2155 1866 a
2204 1825 2300 1868 me
2357 1805 2491 1887 ipso

260 1903 516 1965 conlatis
577 1911 869 1983 quantum
933 1903 1062 1964 fieri
1121 1911 1366 1982 poterat
1421 1901 1877 1983 diligentissime
1928 1911 2269 1967 enotatam:
2324 1903 2490 1966 cuius

259 2021 478 2082 operae
511 2001 931 2080 suscipiendae
975 2010 1100 2063 tres
1143 2019 1356 2062 causas
1389 2001 1591 2064 habui.
1653 2021 1795 2064 nam
1826 2010 1889 2063 et
1926 2001 2058 2082 ipse
2099 2003 2173 2063 de
2218 2001 2490 2064 codicum

261 2099 458 2163 indole
505 2099 742 2160 edoceri
787 2107 850 2160 et
903 2099 1133 2162 discere
1180 2100 1516 2180 cupiebam,
1572 2099 1717 2180 quid
1770 2119 1847 2162 ex
1899 2119 2105 2162 eorum
2150 2099 2489 2162 conlatione

259 2199 491 2279 sperari
542 2205 750 2278 posset
786 2197 1044 2278 quidque
1070 2199 1144 2259 de
1186 2199 1378 2260 uastis
1423 2195 1837 2261 oxoniensium
1880 2197 2285 2260 uoluminibus
2330 2197 2491 2259 iudi-

263 2297 516 2359 candum
564 2295 924 2358 haberemus
964 2331 1050 2342 --
1097 2305 1157 2357 et
1205 2297 1350 2358 uiris
1395 2296 1587 2358 doctis
1634 2294 1769 2357 aliis
1815 2313 1891 2356 ea
1930 2294 2174 2356 uidendi
2219 2293 2491 2357 occasio-

226 2413 394 2481 ·nem
436 2397 584 2457 dare
627 2392 928 2467 uolebam,
987 2414 1140 2475 quae
1181 2395 1312 2477 ipse
1358 2393 1645 2456 uidissem
1687 2427 1771 2436 -
1816 2401 1879 2456 et
1918 2391 2233 2455 iuuenibus
2275 2391 2491 2452 harum

263 2512 456 2555 rerum
513 2492 830 2565 studiosiS‚
901 2494 1015 2554 etsi
1069 2512 1170 2555 eos
1221 2495 1346 2555 fere
1409 2492 1607 2554 nullos
1658 2511 1792 2553 esse
1850 2490 2097 2563 scirem,
2174 2488 2493 2552 materiam

259 2591 468 2652 offerre
515 2590 578 2651 in
623 2590 824 2653 animo
875 2600 1024 2665 erat,
1075 2610 1196 2671 qua
1237 2590 1334 2652 uel
1386 2608 1450 2650 se
1487 2589 1607 2669 ipsi
1652 2596 2002 2651 exercerent
2055 2586 2151 2649 uel
2198 2605 2237 2648 a
2278 2584 2493 2666 periti-

238 2689 460 2777 -oribus
509 2696 947 2749 exercerentur.

429 2794 664 2849 ceteros
691 2786 1090 2849 Pentateuchi
1127 2786 1312 2848 libros
1351 2785 1530 2848 simili
1571 2787 1873 2866 adparatu
1911 2784 2239 2845 instructos
2266 2780 2494 2843 Genesi

259 2887 517 2957 addere,
580 2886 740 2964 quod
793 2902 1181 2963 speraueram
1234 2885 1359 2945 fore
1406 2892 1474 2945 ut
1529 2886 1727 2945 facere
1786 2900 2059 2961 possem,
2116 2887 2181 2941 et
2236 2880 2497 2941 aduersa

255 2982 614 3045 ualetudine
659 2991 722 3043 et
765 2982 1106 3061 sumptibus
1142 3000 1365 3043 uesane
1408 2982 1733 3061 grandibus
1773 2978 2111 3060 prohibitus
2158 2998 2311 3051 sum,
2358 2996 2493 3039 cum

256 3083 382 3143 fere
435 3098 615 3142 nemo
673 3079 756 3140 sit
803 3079 898 3139 his
958 3079 1299 3141 nouissimis
1346 3078 1685 3158 theologiae
1742 3076 2133 3158 temporibus,
2198 3076 2299 3156 qui
2343 3075 2495 3137 talia

257 3187 446 3241 curet.
581 3170 597 3183 '
1535 3170 1537 3173 ⁴

429 3278 648 3338 Testes
701 3275 882 3357 igitur
935 3294 974 3335 a
1019 3294 1112 3336 me
1169 3274 1424 3337 adhibiti
1471 3284 1613 3337 sunt
1654 3276 1785 3336 hice
1838 3292 1959 3335 non
2002 3290 2139 3335 mea
2182 3270 2493 3333 uoluntate

259 3375 496 3449 selecti,
546 3374 654 3435 sed
695 3392 728 3433 e
766 3373 1126 3435 necessitate
1169 3372 1435 3453 accepti:

301 3474 368 3535 A
437 3473 631 3535 codex
693 3470 1122 3533 alexandrinus
1175 3471 1368 3533 musei
1421 3469 1743 3533 britannici
1796 3488 1872 3530 ex
1935 3468 2195 3531 editione
2250 3464 2497 3527 Henrici

432 3572 684 3651 Harvey
720 3568 924 3631 Baber
966 3568 1280 3647 (Londinii
1319 3565 1786 3647 1816—1828).
1873 3565 2117 3642 „Genes
2160 3566 2217 3639 1,
2244 3564 2493 3627 21—26

428 3668 684 3730 ultimae
727 3665 938 3728 literae
987 3667 1086 3728 uel
1129 3666 1402 3748 syllabae
1445 3665 1777 3727 octodecim
1831 3664 2125 3725 linearum
2171 3662 2495 3743 perierunt,

435 3766 580 3827 folio
623 3764 818 3845 primo
853 3763 1136 3825 exteriori
1175 3773 1349 3844 parte
1386 3765 1448 3826 in
1474 3762 1740 3826 inferiori
1764 3782 1871 3824 ora
1900 3764 2292 3825 detruncato:
2338 3760 2496 3821 unde

437 3863 623 3925 etiam
649 3870 992 3943 postremae
1031 3861 1248 3941 capitis
1283 3863 1311 3924 1
1361 3860 1524 3942 parti
1557 3880 1745 3941 usque
1772 3861 1851 3921 ad
1878 3876 2119 3921 uersum
2144 3856 2182 3919 3
2214 3856 2429 3936 capitis
2457 3855 2496 3918 2

438 3960 600 4022 idem
644 3959 879 4022 accidit.
963 3960 1260 4041 deperditi
1301 3978 1534 4039 quoque
1577 3959 1810 4039 aliquot
1853 3976 2062 4019 uersus
2106 3954 2371 4035 capitum
2416 3954 2497 4015 14

449 4060 522 4123 15
572 4059 652 4121 16
709 4057 1053 4131 Geneseos,·
1100 4060 1243 4121 dum
1304 4057 1546 4119 inferior
1600 4074 1709 4117 ora
1755 4055 1882 4117 folii
1937 4054 1976 4118 8
2034 4052 2253 4115 codicis
2307 4050 2499 4113 nostri

438 4157 712 4219 abscissa
749 4163 868 4217 est:
930 4155 1153 4237 quippe
1198 4175 1275 4219 ex
1315 4155 1513 4237 prima
1568 4155 1845 4216 columna
1902 4152 2253 4214 exciderunt
2298 4149 2499 4212 omnia

439 4274 479 4315 a
521 4274 635 4336 cap
679 4253 762 4317 14
803 4272 942 4315 uers
990 4252 1071 4317 14
1110 4251 1474 4319 κατεδίωξεν
1529 4270 1717 4332 usque
1760 4252 1840 4313 ad
1890 4268 2026 4312 uers
2074 4249 2149 4311 17
2200 4248 2301 4310 καὶ
2344 4252 2495 4311 τῶνε

441 4370 517 4415 ex
579 4353 843 4415 secunda
904 4350 1184 4413 columna
1235 4369 1274 4411 a
1323 4368 1436 4431 cap
1484 4348 1562 4414 15
1616 4370 1755 4411 uers
1798 4351 1829 4411 1
1894 4349 1925 4410 ὁ
1975 4344 2191 4429 μισθός
2248 4366 2358 4409 σου
2414 4366 2495 4407 πο

441 4467 626 4528 usque
683 4451 762 4511 ad
813 4450 992 4511 finem
1051 4469 1260 4511 uersus
1305 4448 1342 4511 5
1399 4445 1642 4529 σπέρμα
1684 4466 1823 4509 ooo:
1886 4466 1961 4509 ex
1996 4446 2272 4509 columna
2313 4443 2497 4505 tertia

2016 4543 2089 4605 1*
