<?xml version="1.0" encoding="UTF-8"?>
<!DOCTYPE html PUBLIC "-//W3C//DTD XHTML 1.0 Transitional//EN"
    "http://www.w3.org/TR/xhtml1/DTD/xhtml1-transitional.dtd">
<html xmlns="http://www.w3.org/1999/xhtml" xml:lang="en" lang="en">
 <head>
  <title>
</title>
<meta http-equiv="Content-Type" content="text/html;charset=utf-8" />
  <meta name='ocr-system' content='tesseract 3.04.00' />
  <meta name='ocr-capabilities' content='ocr_page ocr_carea ocr_par ocr_line ocrx_word'/>
</head>
<body>
  <div class='ocr_page' id='page_1' title='image "./genesisgraeceef00unkngoog_0109.png"; bbox 0 0 3169 4941; ppageno 0'>
   <div class='ocr_carea' id='block_1_1' title="bbox 542 367 1894 473">
    <p class='ocr_par' dir='ltr' id='par_1_1' title="bbox 542 367 1894 473">
     <span class='ocr_line' id='line_1_1' title="bbox 542 367 1894 473; baseline 0 0"><span class='ocrx_word' id='word_1_1' title='bbox 542 418 611 473; x_wconf 78' lang='lat'><strong><em>72</em></strong></span> <span class='ocrx_word' id='word_1_2' title='bbox 1417 414 1645 472; x_wconf 75' lang='lat' dir='ltr'>Genesis</span> <span class='ocrx_word' id='word_1_3' title='bbox 1684 416 1767 471; x_wconf 83' lang='lat'><strong><em>19.</em></strong></span> <span class='ocrx_word' id='word_1_4' title='bbox 1772 367 1783 377; x_wconf 40' lang='grc'>.</span> <span class='ocrx_word' id='word_1_5' title='bbox 1804 416 1894 473; x_wconf 84' lang='grc'><strong><em>20.</em></strong></span> 
     </span>
    </p>
   </div>
   <div class='ocr_carea' id='block_1_2' title="bbox 421 570 2871 2224">
    <p class='ocr_par' dir='ltr' id='par_1_2' title="bbox 421 570 2871 2224">
     <span class='ocr_line' id='line_1_2' title="bbox 539 570 2865 698; baseline -0.001 -53"><span class='ocrx_word' id='word_1_6' title='bbox 539 576 724 670; x_wconf 80' lang='grc' dir='ltr'><strong><em>ἡμῶν</em></strong></span> <span class='ocrx_word' id='word_1_7' title='bbox 774 570 1057 698; x_wconf 80' lang='grc' dir='ltr'><strong><em>σπέρμα.</em></strong></span> <span class='ocrx_word' id='word_1_8' title='bbox 1141 580 1202 619; x_wconf 73' lang='lat'><strong><em>³⁵</em></strong></span> <span class='ocrx_word' id='word_1_9' title='bbox 1217 574 1536 645; x_wconf 75' lang='grc' dir='ltr'><strong><em>ἐπότισαν</em></strong></span> <span class='ocrx_word' id='word_1_10' title='bbox 1599 574 1673 643; x_wconf 78' lang='grc' dir='ltr'><strong><em>δὲ</em></strong></span> <span class='ocrx_word' id='word_1_11' title='bbox 1728 602 1841 643; x_wconf 82' lang='grc' dir='ltr'><strong><em>και</em></strong></span> <span class='ocrx_word' id='word_1_12' title='bbox 1900 574 1967 643; x_wconf 77' lang='grc' dir='ltr'><strong><em>ἐν</em></strong></span> <span class='ocrx_word' id='word_1_13' title='bbox 2026 581 2106 665; x_wconf 79' lang='grc' dir='ltr'><strong><em>τῇ</em></strong></span> <span class='ocrx_word' id='word_1_14' title='bbox 2159 573 2337 642; x_wconf 81' lang='grc' dir='ltr'><strong><em>νυκτὶ</em></strong></span> <span class='ocrx_word' id='word_1_15' title='bbox 2394 571 2606 663; x_wconf 74' lang='grc' dir='ltr'><strong><em>ἐκείνῃ</em></strong></span> <span class='ocrx_word' id='word_1_16' title='bbox 2655 574 2767 642; x_wconf 82' lang='grc' dir='ltr'><strong><em>τὸν</em></strong></span> <span class='ocrx_word' id='word_1_17' title='bbox 2838 597 2865 643; x_wconf 98' lang='grc'><strong><em>1</em></strong></span> 
     </span>
     <span class='ocr_line' id='line_1_3' title="bbox 539 674 2767 772; baseline -0.002 -22"><span class='ocrx_word' id='word_1_18' title='bbox 539 681 796 772; x_wconf 82' lang='grc' dir='ltr'><strong><em>πατέρα</em></strong></span> <span class='ocrx_word' id='word_1_19' title='bbox 857 674 1065 749; x_wconf 73' lang='grc' dir='ltr'><strong><em>αὐτῶν</em></strong></span> <span class='ocrx_word' id='word_1_20' title='bbox 1114 674 1290 749; x_wconf 80' lang='grc' dir='ltr'><strong><em>οἶνον</em></strong></span> <span class='ocrx_word' id='word_1_21' title='bbox 1305 734 1322 764; x_wconf 88' lang='grc'><em>,</em></span> <span class='ocrx_word' id='word_1_22' title='bbox 1391 680 1503 748; x_wconf 85' lang='grc' dir='ltr'><strong><em>καὶ</em></strong></span> <span class='ocrx_word' id='word_1_23' title='bbox 1561 677 1955 749; x_wconf 80' lang='grc' dir='ltr'><strong><em>εισελθοῢσα</em></strong></span> <span class='ocrx_word' id='word_1_24' title='bbox 2016 678 2054 770; x_wconf 77' lang='grc' dir='ltr'><em>ἡ</em></span> <span class='ocrx_word' id='word_1_25' title='bbox 2103 679 2427 768; x_wconf 86' lang='grc' dir='ltr'><strong><em>νεωτέρα</em></strong></span> <span class='ocrx_word' id='word_1_26' title='bbox 2422 677 2767 768; x_wconf 75' lang='grc' dir='ltr'><strong><em>ἐκοιμήθη</em></strong></span> 
     </span>
     <span class='ocr_line' id='line_1_4' title="bbox 540 774 2769 885; baseline -0.003 -31"><span class='ocrx_word' id='word_1_27' title='bbox 540 786 706 872; x_wconf 79' lang='grc' dir='ltr'><strong><em>μετὰ</em></strong></span> <span class='ocrx_word' id='word_1_28' title='bbox 751 788 865 853; x_wconf 76' lang='grc' dir='ltr'><strong><em>τοῦ</em></strong></span> <span class='ocrx_word' id='word_1_29' title='bbox 901 784 1154 873; x_wconf 82' lang='grc' dir='ltr'><strong><em>πατρὸς</em></strong></span> <span class='ocrx_word' id='word_1_30' title='bbox 1195 776 1419 872; x_wconf 73' lang='grc' dir='ltr'><strong><em>αὐτῆς·</em></strong></span> <span class='ocrx_word' id='word_1_31' title='bbox 1473 783 1586 851; x_wconf 82' lang='grc' dir='ltr'><strong><em>καὶ</em></strong></span> <span class='ocrx_word' id='word_1_32' title='bbox 1630 782 1745 852; x_wconf 83' lang='grc' dir='ltr'><strong><em>οὐκ</em></strong></span> <span class='ocrx_word' id='word_1_33' title='bbox 1790 780 1934 873; x_wconf 80' lang='grc' dir='ltr'><em>ῄδει</em></span> <span class='ocrx_word' id='word_1_34' title='bbox 1976 782 2046 851; x_wconf 80' lang='grc' dir='ltr'><strong><em>έν</em></strong></span> <span class='ocrx_word' id='word_1_35' title='bbox 2090 787 2183 871; x_wconf 79' lang='grc' dir='ltr'><strong><em>τῷ</em></strong></span> <span class='ocrx_word' id='word_1_36' title='bbox 2224 788 2627 885; x_wconf 79' lang='grc' dir='ltr'><strong><em>κοιμηθῆναι</em></strong></span> <span class='ocrx_word' id='word_1_37' title='bbox 2656 774 2769 849; x_wconf 81' lang='grc' dir='ltr'><strong><em>αὗ-</em></strong></span> 
     </span>
     <span class='ocr_line' id='line_1_5' title="bbox 539 881 2769 979; baseline -0.003 -22"><span class='ocrx_word' id='word_1_38' title='bbox 539 892 652 959; x_wconf 87' lang='grc' dir='ltr'><strong><em>τόν</em></strong></span> <span class='ocrx_word' id='word_1_39' title='bbox 687 889 800 957; x_wconf 86' lang='grc' dir='ltr'><strong><em>καὶ</em></strong></span> <span class='ocrx_word' id='word_1_40' title='bbox 841 881 1211 979; x_wconf 75' lang='grc' dir='ltr'><strong><em>ἀναστῆναι.</em></strong></span> <span class='ocrx_word' id='word_1_41' title='bbox 1277 892 1338 931; x_wconf 73' lang='lat'><strong><em>³⁶</em></strong></span> <span class='ocrx_word' id='word_1_42' title='bbox 1351 888 1465 955; x_wconf 80' lang='grc' dir='ltr'><strong><em>καὶ</em></strong></span> <span class='ocrx_word' id='word_1_43' title='bbox 1510 887 1857 974; x_wconf 83' lang='grc' dir='ltr'><strong><em>συνέλαβον</em></strong></span> <span class='ocrx_word' id='word_1_44' title='bbox 1914 884 1985 954; x_wconf 77' lang='grc' dir='ltr'><strong><em>αἱ</em></strong></span> <span class='ocrx_word' id='word_1_45' title='bbox 2033 882 2152 955; x_wconf 81' lang='grc' dir='ltr'><strong><em>δύο</em></strong></span> <span class='ocrx_word' id='word_1_46' title='bbox 2194 884 2549 974; x_wconf 79' lang='grc' dir='ltr'><strong><em>θυγατέρες</em></strong></span> <span class='ocrx_word' id='word_1_47' title='bbox 2597 886 2769 952; x_wconf 60' lang='lat' dir='ltr'><strong><em>Aah</em></strong></span> 
     </span>
     <span class='ocr_line' id='line_1_6' title="bbox 540 986 2832 1081; baseline -0.001 -20"><span class='ocrx_word' id='word_1_48' title='bbox 540 992 616 1061; x_wconf 75' lang='grc' dir='ltr'><strong><em>ἐκ</em></strong></span> <span class='ocrx_word' id='word_1_49' title='bbox 657 998 772 1059; x_wconf 80' lang='grc' dir='ltr'><strong><em>τοῦ</em></strong></span> <span class='ocrx_word' id='word_1_50' title='bbox 815 992 1068 1080; x_wconf 84' lang='grc' dir='ltr'><strong><em>πατρὸς</em></strong></span> <span class='ocrx_word' id='word_1_51' title='bbox 1111 986 1346 1060; x_wconf 75' lang='grc' dir='ltr'><strong><em>αὐτῶν.</em></strong></span> <span class='ocrx_word' id='word_1_52' title='bbox 1413 991 1599 1059; x_wconf 59' lang='lat' dir='ltr'><strong><em>Mna&amp;</em></strong></span> <span class='ocrx_word' id='word_1_53' title='bbox 1642 990 1847 1061; x_wconf 81' lang='grc' dir='ltr'><strong><em>ε’τεκεν</em></strong></span> <span class='ocrx_word' id='word_1_54' title='bbox 1889 989 1929 1081; x_wconf 79' lang='grc' dir='ltr'><em>ἡ</em></span> <span class='ocrx_word' id='word_1_55' title='bbox 1972 989 2380 1080; x_wconf 78' lang='grc' dir='ltr'><strong><em>πρεσβυτέρα</em></strong></span> <span class='ocrx_word' id='word_1_56' title='bbox 2424 987 2595 1073; x_wconf 89' lang='grc' dir='ltr'><strong><em>υιόν,</em></strong></span> <span class='ocrx_word' id='word_1_57' title='bbox 2656 988 2768 1056; x_wconf 83' lang='grc' dir='ltr'><strong><em>καὶ</em></strong></span> <span class='ocrx_word' id='word_1_58' title='bbox 2801 1014 2832 1059; x_wconf 85' lang='grc'>5</span> 
     </span>
     <span class='ocr_line' id='line_1_7' title="bbox 541 1092 2763 1182; baseline -0.002 -17"><span class='ocrx_word' id='word_1_59' title='bbox 541 1096 805 1165; x_wconf 76' lang='grc' dir='ltr'><strong><em>ἐκάλεσε</em></strong></span> <span class='ocrx_word' id='word_1_60' title='bbox 844 1096 922 1164; x_wconf 85' lang='grc' dir='ltr'><strong><em>τὸ</em></strong></span> <span class='ocrx_word' id='word_1_61' title='bbox 962 1092 1168 1182; x_wconf 80' lang='grc' dir='ltr'><strong><em>ὄνομα</em></strong></span> <span class='ocrx_word' id='word_1_62' title='bbox 1210 1093 1405 1163; x_wconf 79' lang='grc' dir='ltr'><strong><em>αὐτοῦ</em></strong></span> <span class='ocrx_word' id='word_1_63' title='bbox 1447 1095 1673 1182; x_wconf 89' lang='grc' dir='ltr'><strong><em>Μωαβ</em></strong></span> <span class='ocrx_word' id='word_1_64' title='bbox 1715 1096 1988 1182; x_wconf 76' lang='grc' dir='ltr'><strong><em>λέγουσα</em></strong></span> <span class='ocrx_word' id='word_1_65' title='bbox 2012 1092 2121 1162; x_wconf 86' lang='grc' dir='ltr'><strong><em>Ἐκ</em></strong></span> <span class='ocrx_word' id='word_1_66' title='bbox 2159 1098 2278 1161; x_wconf 82' lang='grc' dir='ltr'><strong><em>τοῦ</em></strong></span> <span class='ocrx_word' id='word_1_67' title='bbox 2316 1092 2570 1181; x_wconf 81' lang='grc' dir='ltr'><strong><em>πατρός</em></strong></span> <span class='ocrx_word' id='word_1_68' title='bbox 2610 1115 2763 1179; x_wconf 84' lang='grc' dir='ltr'><strong><em>μου·</em></strong></span> 
     </span>
     <span class='ocr_line' id='line_1_8' title="bbox 543 1177 2768 1328; baseline -0.002 -60"><span class='ocrx_word' id='word_1_69' title='bbox 543 1177 727 1281; x_wconf 73' lang='grc' dir='ltr'><strong><em>οὗτος</em></strong></span> <span class='ocrx_word' id='word_1_70' title='bbox 785 1200 1002 1328; x_wconf 54' lang='grc' dir='ltr'><strong><em>φξατὴρ</em></strong></span> <span class='ocrx_word' id='word_1_71' title='bbox 1057 1204 1435 1287; x_wconf 84' lang='grc' dir='ltr'><strong><em>Μωαβιτῶν</em></strong></span> <span class='ocrx_word' id='word_1_72' title='bbox 1491 1199 1617 1280; x_wconf 72' lang='grc' dir='ltr'><strong><em>ἕως</em></strong></span> <span class='ocrx_word' id='word_1_73' title='bbox 1670 1207 1785 1287; x_wconf 83' lang='grc' dir='ltr'><strong><em>τῆς</em></strong></span> <span class='ocrx_word' id='word_1_74' title='bbox 1840 1195 2115 1290; x_wconf 79' lang='grc' dir='ltr'><strong><em>σήμερον</em></strong></span> <span class='ocrx_word' id='word_1_75' title='bbox 2172 1196 2429 1289; x_wconf 79' lang='grc' dir='ltr'><strong><em>ἡμέρας.</em></strong></span> <span class='ocrx_word' id='word_1_76' title='bbox 2512 1195 2621 1241; x_wconf 73' lang='lat'><strong><em>3⁸²</em></strong></span> <span class='ocrx_word' id='word_1_77' title='bbox 2592 1194 2768 1265; x_wconf 65' lang='grc' dir='ltr'><strong><em>ετεκε</em></strong></span> 
     </span>
     <span class='ocr_line' id='line_1_9' title="bbox 542 1300 2769 1429; baseline -0.004 -54"><span class='ocrx_word' id='word_1_78' title='bbox 542 1306 616 1375; x_wconf 72' lang='grc' dir='ltr'><strong><em>δὲ</em></strong></span> <span class='ocrx_word' id='word_1_79' title='bbox 658 1304 774 1372; x_wconf 77' lang='grc' dir='ltr'><strong><em>καὶ</em></strong></span> <span class='ocrx_word' id='word_1_80' title='bbox 814 1301 853 1394; x_wconf 83' lang='grc' dir='ltr'>ἡ</span> <span class='ocrx_word' id='word_1_81' title='bbox 889 1303 1173 1392; x_wconf 82' lang='grc' dir='ltr'><strong><em>νεωτέρα</em></strong></span> <span class='ocrx_word' id='word_1_82' title='bbox 1209 1301 1348 1372; x_wconf 78' lang='grc' dir='ltr'><strong><em>υἱόν</em></strong></span> <span class='ocrx_word' id='word_1_83' title='bbox 1365 1357 1381 1388; x_wconf 89' lang='grc'><em>,</em></span> <span class='ocrx_word' id='word_1_84' title='bbox 1443 1302 1557 1371; x_wconf 79' lang='grc' dir='ltr'><strong><em>καὶ</em></strong></span> <span class='ocrx_word' id='word_1_85' title='bbox 1604 1302 1865 1372; x_wconf 75' lang='grc' dir='ltr'><strong><em>ἐκάλεσε</em></strong></span> <span class='ocrx_word' id='word_1_86' title='bbox 1922 1304 1999 1371; x_wconf 87' lang='grc' dir='ltr'><strong><em>τὸ</em></strong></span> <span class='ocrx_word' id='word_1_87' title='bbox 2042 1300 2249 1388; x_wconf 80' lang='grc' dir='ltr'><strong><em>ὄνομα</em></strong></span> <span class='ocrx_word' id='word_1_88' title='bbox 2293 1300 2488 1369; x_wconf 76' lang='grc' dir='ltr'><strong><em>αὐτοῦ</em></strong></span> <span class='ocrx_word' id='word_1_89' title='bbox 2494 1300 2769 1429; x_wconf 46' lang='lat' dir='ltr'><strong><em>‘321qu</em></strong></span> 
     </span>
     <span class='ocr_line' id='line_1_10' title="bbox 543 1401 2769 1504; baseline -0.002 -28"><span class='ocrx_word' id='word_1_90' title='bbox 543 1408 818 1495; x_wconf 82' lang='grc' dir='ltr'><strong><em>λέγουσα</em></strong></span> <span class='ocrx_word' id='word_1_91' title='bbox 872 1404 1027 1487; x_wconf 73' lang='grc' dir='ltr'><strong><em>Υἱὸς</em></strong></span> <span class='ocrx_word' id='word_1_92' title='bbox 1080 1406 1302 1496; x_wconf 79' lang='grc' dir='ltr'><strong><em>γένους</em></strong></span> <span class='ocrx_word' id='word_1_93' title='bbox 1339 1430 1494 1493; x_wconf 80' lang='grc' dir='ltr'><strong><em>μου·</em></strong></span> <span class='ocrx_word' id='word_1_94' title='bbox 1552 1401 1742 1504; x_wconf 78' lang='grc' dir='ltr'><strong><em>οὗτος</em></strong></span> <span class='ocrx_word' id='word_1_95' title='bbox 1786 1407 2003 1497; x_wconf 84' lang='grc' dir='ltr'><strong><em>πατὴρ</em></strong></span> <span class='ocrx_word' id='word_1_96' title='bbox 2027 1403 2445 1492; x_wconf 85' lang='grc' dir='ltr'><strong><em>Λμμανιτῶν</em></strong></span> <span class='ocrx_word' id='word_1_97' title='bbox 2490 1403 2615 1485; x_wconf 72' lang='grc' dir='ltr'><strong><em>ἕως</em></strong></span> <span class='ocrx_word' id='word_1_98' title='bbox 2654 1409 2769 1493; x_wconf 82' lang='grc' dir='ltr'><strong><em>τῆς</em></strong></span> 
     </span>
     <span class='ocr_line' id='line_1_11' title="bbox 421 1506 2871 1603; baseline -0 -23"><span class='ocrx_word' id='word_1_99' title='bbox 421 1524 512 1593; x_wconf 72' lang='lat'><strong><em>20</em></strong></span> <span class='ocrx_word' id='word_1_100' title='bbox 545 1508 822 1603; x_wconf 78' lang='grc' dir='ltr'><strong><em>σήμερον</em></strong></span> <span class='ocrx_word' id='word_1_101' title='bbox 867 1508 1126 1601; x_wconf 78' lang='grc' dir='ltr'><strong><em>ἡμέρας.</em></strong></span> <span class='ocrx_word' id='word_1_102' title='bbox 1200 1511 1354 1578; x_wconf 67' lang='grc' dir='ltr'><strong><em>1καὶ</em></strong></span> <span class='ocrx_word' id='word_1_103' title='bbox 1395 1508 1685 1601; x_wconf 72' lang='grc' dir='ltr'><strong><em>ἐκίνησεν</em></strong></span> <span class='ocrx_word' id='word_1_104' title='bbox 1716 1511 1975 1579; x_wconf 77' lang='grc' dir='ltr'><strong><em>ἐκεῖθεν</em></strong></span> <span class='ocrx_word' id='word_1_105' title='bbox 1999 1508 2303 1597; x_wconf 80' lang='grc' dir='ltr'><strong><em>,Ἀβραὰμ</em></strong></span> <span class='ocrx_word' id='word_1_106' title='bbox 2333 1506 2427 1589; x_wconf 81' lang='grc' dir='ltr'><strong><em>εἰς</em></strong></span> <span class='ocrx_word' id='word_1_107' title='bbox 2455 1514 2569 1598; x_wconf 83' lang='grc' dir='ltr'><strong><em>γῆν</em></strong></span> <span class='ocrx_word' id='word_1_108' title='bbox 2600 1510 2771 1596; x_wconf 80' lang='grc' dir='ltr'><strong><em>πρὸς</em></strong></span> <span class='ocrx_word' id='word_1_109' title='bbox 2806 1533 2871 1579; x_wconf 85' lang='grc'><strong><em>10</em></strong></span> 
     </span>
     <span class='ocr_line' id='line_1_12' title="bbox 544 1607 2771 1705; baseline -0.002 -22"><span class='ocrx_word' id='word_1_110' title='bbox 544 1613 700 1702; x_wconf 85' lang='grc' dir='ltr'><strong><em>λίβα</em></strong></span> <span class='ocrx_word' id='word_1_111' title='bbox 716 1668 734 1699; x_wconf 90' lang='grc'>,</span> <span class='ocrx_word' id='word_1_112' title='bbox 782 1614 892 1683; x_wconf 76' lang='grc' dir='ltr'><strong><em>καὶ</em></strong></span> <span class='ocrx_word' id='word_1_113' title='bbox 932 1611 1176 1705; x_wconf 74' lang='grc' dir='ltr'><strong><em>ᾤκησεν</em></strong></span> <span class='ocrx_word' id='word_1_114' title='bbox 1215 1607 1335 1682; x_wconf 78' lang='grc' dir='ltr'><strong><em>ἇνὰ</em></strong></span> <span class='ocrx_word' id='word_1_115' title='bbox 1374 1614 1575 1701; x_wconf 87' lang='grc' dir='ltr'><strong><em>μέσον</em></strong></span> <span class='ocrx_word' id='word_1_116' title='bbox 1606 1614 1833 1705; x_wconf 77' lang='grc' dir='ltr'><strong><em>Ιίᾶὃης</em></strong></span> <span class='ocrx_word' id='word_1_117' title='bbox 1868 1614 1978 1681; x_wconf 84' lang='grc' dir='ltr'><strong><em>καὶ</em></strong></span> <span class='ocrx_word' id='word_1_118' title='bbox 2016 1611 2143 1682; x_wconf 79' lang='grc' dir='ltr'><strong><em>ἀνὰ</em></strong></span> <span class='ocrx_word' id='word_1_119' title='bbox 2179 1612 2378 1699; x_wconf 82' lang='grc' dir='ltr'><strong><em>μέσον</em></strong></span> <span class='ocrx_word' id='word_1_120' title='bbox 2414 1608 2585 1702; x_wconf 83' lang='grc' dir='ltr'><strong><em>Σούρ</em></strong></span> <span class='ocrx_word' id='word_1_121' title='bbox 2600 1636 2615 1652; x_wconf 91' lang='grc'><em>·</em></span> <span class='ocrx_word' id='word_1_122' title='bbox 2658 1612 2771 1679; x_wconf 79' lang='grc' dir='ltr'><strong><em>καὶ</em></strong></span> 
     </span>
     <span class='ocr_line' id='line_1_13' title="bbox 543 1712 2772 1809; baseline -0.002 -22"><span class='ocrx_word' id='word_1_123' title='bbox 543 1714 932 1809; x_wconf 80' lang='grc' dir='ltr'><strong><em>παρῴκησεν</em></strong></span> <span class='ocrx_word' id='word_1_124' title='bbox 975 1718 1043 1786; x_wconf 80' lang='grc' dir='ltr'><strong><em>έν</em></strong></span> <span class='ocrx_word' id='word_1_125' title='bbox 1081 1725 1145 1783; x_wconf 89' lang='grc' dir='ltr'><strong>Γ</strong></span> <span class='ocrx_word' id='word_1_126' title='bbox 1137 1744 1408 1809; x_wconf 81' lang='grc' dir='ltr'><strong><em>εραροις</em></strong></span> <span class='ocrx_word' id='word_1_127' title='bbox 1479 1712 1672 1787; x_wconf 56' lang='grc' dir='ltr'><strong><em>Ξεῖπε</em></strong></span> <span class='ocrx_word' id='word_1_128' title='bbox 1706 1718 1785 1786; x_wconf 76' lang='grc' dir='ltr'><strong><em>δὲ</em></strong></span> <span class='ocrx_word' id='word_1_129' title='bbox 1806 1712 2107 1807; x_wconf 79' lang='grc' dir='ltr'><strong><em>,Ἀβραὰμ</em></strong></span> <span class='ocrx_word' id='word_1_130' title='bbox 2152 1716 2308 1804; x_wconf 79' lang='grc' dir='ltr'><strong><em>περὶ</em></strong></span> <span class='ocrx_word' id='word_1_131' title='bbox 2353 1712 2612 1806; x_wconf 84' lang='grc' dir='ltr'><strong><em>Σάρρας</em></strong></span> <span class='ocrx_word' id='word_1_132' title='bbox 2655 1724 2772 1805; x_wconf 84' lang='grc' dir='ltr'><strong><em>τῆς</em></strong></span> 
     </span>
     <span class='ocr_line' id='line_1_14' title="bbox 541 1816 2773 1942; baseline -0.002 -52"><span class='ocrx_word' id='word_1_133' title='bbox 541 1823 842 1912; x_wconf 84' lang='grc' dir='ltr'><strong><em>γυναικὸς</em></strong></span> <span class='ocrx_word' id='word_1_134' title='bbox 899 1816 1094 1890; x_wconf 63' lang='grc' dir='ltr'><strong><em>αὐτοῦ</em></strong></span> <span class='ocrx_word' id='word_1_135' title='bbox 1153 1820 1260 1891; x_wconf 76' lang='grc' dir='ltr'><strong><em>ὅτι</em></strong></span> <span class='ocrx_word' id='word_1_136' title='bbox 1301 1816 1548 1911; x_wconf 75' lang='grc' dir='ltr'><strong><em>ἀδελφή</em></strong></span> <span class='ocrx_word' id='word_1_137' title='bbox 1591 1847 1714 1907; x_wconf 89' lang='grc' dir='ltr'><strong><em>μου</em></strong></span> <span class='ocrx_word' id='word_1_138' title='bbox 1764 1819 1965 1888; x_wconf 80' lang='grc' dir='ltr'><strong><em>ἐστίν·</em></strong></span> <span class='ocrx_word' id='word_1_139' title='bbox 2028 1817 2334 1910; x_wconf 75' lang='grc' dir='ltr'><strong><em>ἐφοβήθη</em></strong></span> <span class='ocrx_word' id='word_1_140' title='bbox 2392 1819 2509 1942; x_wconf 77' lang='grc' dir='ltr'><strong><em>γὰρ</em></strong></span> <span class='ocrx_word' id='word_1_141' title='bbox 2560 1816 2773 1886; x_wconf 82' lang='grc' dir='ltr'><strong><em>εἰπεῖν</em></strong></span> 
     </span>
     <span class='ocr_line' id='line_1_15' title="bbox 543 1916 2775 2017; baseline -0.003 -22"><span class='ocrx_word' id='word_1_142' title='bbox 543 1926 650 1995; x_wconf 85' lang='grc' dir='ltr'><strong><em>ότι</em></strong></span> <span class='ocrx_word' id='word_1_143' title='bbox 711 1922 860 2017; x_wconf 85' lang='grc' dir='ltr'><strong><em>γυνή</em></strong></span> <span class='ocrx_word' id='word_1_144' title='bbox 911 1951 1035 2011; x_wconf 90' lang='grc' dir='ltr'><strong><em>μου</em></strong></span> <span class='ocrx_word' id='word_1_145' title='bbox 1096 1923 1241 1994; x_wconf 79' lang='grc' dir='ltr'><strong><em>εστί</em></strong></span> <span class='ocrx_word' id='word_1_146' title='bbox 1255 1979 1270 2009; x_wconf 91' lang='grc'><em>,</em></span> <span class='ocrx_word' id='word_1_147' title='bbox 1332 1921 1591 2015; x_wconf 82' lang='grc' dir='ltr'><strong><em>μήποτε</em></strong></span> <span class='ocrx_word' id='word_1_148' title='bbox 1649 1918 2126 1992; x_wconf 84' lang='grc' dir='ltr'><strong><em>αποκτείνωσιν</em></strong></span> <span class='ocrx_word' id='word_1_149' title='bbox 2184 1916 2378 1991; x_wconf 77' lang='grc' dir='ltr'><strong><em>αὐτὸν</em></strong></span> <span class='ocrx_word' id='word_1_150' title='bbox 2436 1918 2501 1989; x_wconf 77' lang='grc' dir='ltr'><strong><em>οὶ</em></strong></span> <span class='ocrx_word' id='word_1_151' title='bbox 2544 1919 2775 2010; x_wconf 72' lang='grc' dir='ltr'><strong><em>ἄνδρες</em></strong></span> 
     </span>
     <span class='ocr_line' id='line_1_16' title="bbox 543 2018 2869 2119; baseline -0.003 -22"><span class='ocrx_word' id='word_1_152' title='bbox 543 2036 661 2119; x_wconf 83' lang='grc' dir='ltr'><strong><em>τῆς</em></strong></span> <span class='ocrx_word' id='word_1_153' title='bbox 700 2018 962 2110; x_wconf 57' lang='grc' dir='ltr'><em>πόλεως</em></span> <span class='ocrx_word' id='word_1_154' title='bbox 1003 2031 1085 2097; x_wconf 82' lang='grc' dir='ltr'><strong><em>δι’</em></strong></span> <span class='ocrx_word' id='word_1_155' title='bbox 1128 2022 1344 2119; x_wconf 87' lang='grc' dir='ltr'><strong><em>αυτήν.</em></strong></span> <span class='ocrx_word' id='word_1_156' title='bbox 1415 2026 1765 2097; x_wconf 77' lang='grc' dir='ltr'><strong><em>απέστειλε</em></strong></span> <span class='ocrx_word' id='word_1_157' title='bbox 1821 2028 1895 2097; x_wconf 80' lang='grc' dir='ltr'><strong><em>δὲ</em></strong></span> <span class='ocrx_word' id='word_1_158' title='bbox 1931 2025 2273 2115; x_wconf 69' lang='grc' dir='ltr'><strong><em>Ἀβιμέλεχ</em></strong></span> <span class='ocrx_word' id='word_1_159' title='bbox 2316 2025 2618 2113; x_wconf 77' lang='grc' dir='ltr'><strong><em>βασιλεὺς</em></strong></span> <span class='ocrx_word' id='word_1_160' title='bbox 2656 2032 2721 2089; x_wconf 85' lang='grc' dir='ltr'><strong><em>Γ</em></strong></span> <span class='ocrx_word' id='word_1_161' title='bbox 2712 2051 2770 2091; x_wconf 76' lang='grc' dir='ltr'><strong>ε</strong></span> <span class='ocrx_word' id='word_1_162' title='bbox 2806 2055 2869 2101; x_wconf 83' lang='lat'><strong><em>15</em></strong></span> 
     </span>
     <span class='ocr_line' id='line_1_17' title="bbox 545 2128 2772 2224; baseline -0.001 -24"><span class='ocrx_word' id='word_1_163' title='bbox 545 2159 760 2224; x_wconf 89' lang='grc' dir='ltr'><strong><em>ραρων</em></strong></span> <span class='ocrx_word' id='word_1_164' title='bbox 803 2132 918 2202; x_wconf 77' lang='grc' dir='ltr'><strong><em>καὶ</em></strong></span> <span class='ocrx_word' id='word_1_165' title='bbox 979 2130 1174 2219; x_wconf 56' lang='lat' dir='ltr'><strong><em>elaea</em></strong></span> <span class='ocrx_word' id='word_1_166' title='bbox 1225 2132 1338 2223; x_wconf 88' lang='grc' dir='ltr'><strong><em>τὴν</em></strong></span> <span class='ocrx_word' id='word_1_167' title='bbox 1378 2131 1645 2222; x_wconf 82' lang='grc' dir='ltr'><strong><em>Σάρραν.</em></strong></span> <span class='ocrx_word' id='word_1_168' title='bbox 1728 2136 1755 2175; x_wconf 73' lang='lat'>³</span> <span class='ocrx_word' id='word_1_169' title='bbox 1769 2131 1881 2200; x_wconf 78' lang='grc' dir='ltr'><strong><em>καὶ</em></strong></span> <span class='ocrx_word' id='word_1_170' title='bbox 1939 2129 2243 2222; x_wconf 80' lang='grc' dir='ltr'><strong><em>εἰσῆλθεν</em></strong></span> <span class='ocrx_word' id='word_1_171' title='bbox 2296 2128 2333 2200; x_wconf 84' lang='grc' dir='ltr'><em>ὃ</em></span> <span class='ocrx_word' id='word_1_172' title='bbox 2395 2130 2556 2209; x_wconf 82' lang='grc' dir='ltr'><strong><em>θεὸς</em></strong></span> <span class='ocrx_word' id='word_1_173' title='bbox 2601 2129 2772 2219; x_wconf 82' lang='grc' dir='ltr'><strong><em>πρὸς</em></strong></span> 
     </span>
    </p>
   </div>
   <div class='ocr_carea' id='block_1_3' title="bbox 545 2439 2791 4500">
    <p class='ocr_par' dir='ltr' id='par_1_3' title="bbox 545 2439 2791 4500">
     <span class='ocr_line' id='line_1_18' title="bbox 688 2439 2767 2513; baseline -0.001 -14"><span class='ocrx_word' id='word_1_174' title='bbox 688 2444 716 2499; x_wconf 92' lang='grc'><strong><em>1</em></strong></span> <span class='ocrx_word' id='word_1_175' title='bbox 753 2462 848 2497; x_wconf 83' lang='grc' dir='ltr'><strong><em>και</em></strong></span> <span class='ocrx_word' id='word_1_176' title='bbox 887 2451 954 2502; x_wconf 98' lang='grc'>&gt;</span> <span class='ocrx_word' id='word_1_177' title='bbox 991 2458 1020 2497; x_wconf 81' lang='grc' dir='ltr'><strong><em>ο</em></strong></span> <span class='ocrx_word' id='word_1_178' title='bbox 1063 2442 1071 2512; x_wconf 98' lang='grc' dir='ltr'>Ι</span> <span class='ocrx_word' id='word_1_179' title='bbox 1116 2445 1149 2499; x_wconf 98' lang='grc'><strong><em>1</em></strong></span> <span class='ocrx_word' id='word_1_180' title='bbox 1188 2460 1249 2497; x_wconf 85' lang='grc' dir='ltr'><strong><em>εν</em></strong></span> <span class='ocrx_word' id='word_1_181' title='bbox 1283 2450 1352 2504; x_wconf 95' lang='grc'>&gt;</span> <span class='ocrx_word' id='word_1_182' title='bbox 1386 2443 1456 2512; x_wconf 93' lang='grc' dir='ltr'><strong><em>ΖΙ</em></strong></span> <span class='ocrx_word' id='word_1_183' title='bbox 1501 2444 1536 2498; x_wconf 90' lang='grc'>2</span> <span class='ocrx_word' id='word_1_184' title='bbox 1574 2458 1742 2495; x_wconf 82' lang='grc' dir='ltr'><strong><em>αυτον</em></strong></span> <span class='ocrx_word' id='word_1_185' title='bbox 1776 2441 1888 2505; x_wconf 64' lang='grc' dir='ltr'><strong><em>ΕΙ,</em></strong></span> <span class='ocrx_word' id='word_1_186' title='bbox 1923 2460 1966 2494; x_wconf 90' lang='grc' dir='ltr'><em>ω</em></span> <span class='ocrx_word' id='word_1_187' title='bbox 2001 2455 2163 2509; x_wconf 80' lang='lat' dir='ltr'>super</span> <span class='ocrx_word' id='word_1_188' title='bbox 2196 2454 2413 2495; x_wconf 83' lang='lat' dir='ltr'><strong>uersum</strong></span> <span class='ocrx_word' id='word_1_189' title='bbox 2444 2439 2705 2510; x_wconf 74' lang='lat' dir='ltr'><strong>scriptum</strong></span> <span class='ocrx_word' id='word_1_190' title='bbox 2760 2440 2767 2513; x_wconf 95' lang='grc' dir='ltr'>Ι</span> 
     </span>
     <span class='ocr_line' id='line_1_19' title="bbox 547 2528 2770 2600; baseline -0.001 -16"><span class='ocrx_word' id='word_1_191' title='bbox 547 2531 583 2584; x_wconf 87' lang='grc'><strong>3</strong></span> <span class='ocrx_word' id='word_1_192' title='bbox 611 2532 740 2599; x_wconf 77' lang='lat' dir='ltr'><strong>post</strong></span> <span class='ocrx_word' id='word_1_193' title='bbox 777 2548 942 2596; x_wconf 82' lang='grc' dir='ltr'><strong><em>αυτης</em></strong></span> <span class='ocrx_word' id='word_1_194' title='bbox 977 2532 1043 2598; x_wconf 88' lang='grc' dir='ltr'><strong><em>-Ι-</em></strong></span> <span class='ocrx_word' id='word_1_195' title='bbox 1079 2549 1179 2596; x_wconf 81' lang='grc' dir='ltr'><strong><em>την</em></strong></span> <span class='ocrx_word' id='word_1_196' title='bbox 1212 2549 1382 2584; x_wconf 80' lang='grc' dir='ltr'><strong><em>νυκτα</em></strong></span> <span class='ocrx_word' id='word_1_197' title='bbox 1421 2546 1636 2594; x_wconf 84' lang='grc' dir='ltr'><strong><em>εκεινην</em></strong></span> <span class='ocrx_word' id='word_1_198' title='bbox 1669 2543 1724 2592; x_wconf 85' lang='lat' dir='ltr'><strong><em>r,</em></strong></span> <span class='ocrx_word' id='word_1_199' title='bbox 1778 2528 1841 2591; x_wconf 87' lang='grc' dir='ltr'><strong><em>-Ι-</em></strong></span> <span class='ocrx_word' id='word_1_200' title='bbox 1878 2546 1943 2593; x_wconf 80' lang='grc' dir='ltr'><strong><em>τη</em></strong></span> <span class='ocrx_word' id='word_1_201' title='bbox 1978 2545 2135 2579; x_wconf 79' lang='grc' dir='ltr'><strong><em>νυκτι</em></strong></span> <span class='ocrx_word' id='word_1_202' title='bbox 2189 2544 2369 2594; x_wconf 83' lang='grc' dir='ltr'><strong><em>εκεινη</em></strong></span> <span class='ocrx_word' id='word_1_203' title='bbox 2402 2545 2434 2582; x_wconf 99' lang='grc' dir='ltr'>Ζ</span> <span class='ocrx_word' id='word_1_204' title='bbox 2488 2528 2495 2597; x_wconf 98' lang='grc' dir='ltr'>Ι</span> <span class='ocrx_word' id='word_1_205' title='bbox 2550 2529 2585 2583; x_wconf 87' lang='lat'><strong>3</strong></span> <span class='ocrx_word' id='word_1_206' title='bbox 2624 2529 2770 2600; x_wconf 79' lang='grc' dir='ltr'>ῃδει]</span> 
     </span>
     <span class='ocr_line' id='line_1_20' title="bbox 545 2613 2773 2686; baseline -0.001 -16"><span class='ocrx_word' id='word_1_207' title='bbox 545 2635 688 2686; x_wconf 84' lang='grc' dir='ltr'><strong><em>εγνω</em></strong></span> <span class='ocrx_word' id='word_1_208' title='bbox 723 2617 774 2669; x_wconf 93' lang='lat' dir='ltr'>D</span> <span class='ocrx_word' id='word_1_209' title='bbox 806 2616 944 2685; x_wconf 76' lang='lat' dir='ltr'><strong>[GR],</strong></span> <span class='ocrx_word' id='word_1_210' title='bbox 979 2617 1137 2684; x_wconf 76' lang='grc' dir='ltr'><strong><em>ηδειν</em></strong></span> <span class='ocrx_word' id='word_1_211' title='bbox 1170 2635 1199 2669; x_wconf 92' lang='grc' dir='ltr'>Ζ</span> <span class='ocrx_word' id='word_1_212' title='bbox 1231 2617 1238 2684; x_wconf 98' lang='grc' dir='ltr'>Ι</span> <span class='ocrx_word' id='word_1_213' title='bbox 1281 2617 1373 2684; x_wconf 78' lang='lat' dir='ltr'><strong><em>3l4</em></strong></span> <span class='ocrx_word' id='word_1_214' title='bbox 1411 2633 1587 2681; x_wconf 81' lang='grc' dir='ltr'><strong><em>αυτην</em></strong></span> <span class='ocrx_word' id='word_1_215' title='bbox 1624 2613 1723 2668; x_wconf 91' lang='lat' dir='ltr'><em>AD</em></span> <span class='ocrx_word' id='word_1_216' title='bbox 1754 2614 1861 2682; x_wconf 76' lang='lat' dir='ltr'><strong>[GR]</strong></span> <span class='ocrx_word' id='word_1_217' title='bbox 1890 2613 2109 2667; x_wconf 76' lang='lat' dir='ltr'><strong>Eamrtz</strong></span> <span class='ocrx_word' id='word_1_218' title='bbox 2162 2614 2170 2682; x_wconf 99' lang='grc' dir='ltr'>Ι</span> <span class='ocrx_word' id='word_1_219' title='bbox 2223 2613 2260 2667; x_wconf 88' lang='lat'>4</span> <span class='ocrx_word' id='word_1_220' title='bbox 2297 2634 2356 2676; x_wconf 78' lang='grc' dir='ltr'><strong><em>αι</em></strong></span> <span class='ocrx_word' id='word_1_221' title='bbox 2396 2614 2500 2666; x_wconf 76' lang='grc' dir='ltr'><strong><em>δυο</em></strong></span> <span class='ocrx_word' id='word_1_222' title='bbox 2536 2620 2773 2684; x_wconf 75' lang='grc' dir='ltr'><strong><em>θυγατε-</em></strong></span> 
     </span>
     <span class='ocr_line' id='line_1_21' title="bbox 545 2697 2777 2776; baseline 0 -22"><span class='ocrx_word' id='word_1_223' title='bbox 545 2719 634 2773; x_wconf 83' lang='grc' dir='ltr'><strong><em>ρες</em></strong></span> <span class='ocrx_word' id='word_1_224' title='bbox 669 2704 779 2753; x_wconf 83' lang='grc' dir='ltr'><strong><em>λωτ</em></strong></span> <span class='ocrx_word' id='word_1_225' title='bbox 815 2717 846 2755; x_wconf 79' lang='lat' dir='ltr'>c</span> <span class='ocrx_word' id='word_1_226' title='bbox 877 2703 1005 2770; x_wconf 74' lang='lat' dir='ltr'>post</span> <span class='ocrx_word' id='word_1_227' title='bbox 1041 2721 1220 2755; x_wconf 83' lang='grc' dir='ltr'><strong><em>αυτων</em></strong></span> <span class='ocrx_word' id='word_1_228' title='bbox 1247 2703 1280 2755; x_wconf 87' lang='grc'><strong>5</strong></span> <span class='ocrx_word' id='word_1_229' title='bbox 1311 2703 1318 2772; x_wconf 95' lang='grc' dir='ltr'>Ι</span> <span class='ocrx_word' id='word_1_230' title='bbox 1349 2702 1385 2756; x_wconf 85' lang='grc'>4</span> <span class='ocrx_word' id='word_1_231' title='bbox 1419 2707 1753 2776; x_wconf 73' lang='grc' dir='ltr'><strong><em>θυγατεραις</em></strong></span> <span class='ocrx_word' id='word_1_232' title='bbox 1791 2718 1819 2752; x_wconf 83' lang='grc' dir='ltr'>Ζ</span> <span class='ocrx_word' id='word_1_233' title='bbox 1846 2699 1854 2770; x_wconf 98' lang='grc' dir='ltr'>Ι</span> <span class='ocrx_word' id='word_1_234' title='bbox 1878 2702 1912 2755; x_wconf 91' lang='grc'><strong>6</strong></span> <span class='ocrx_word' id='word_1_235' title='bbox 1948 2702 2206 2753; x_wconf 80' lang='grc' dir='ltr'><strong><em>εκαλεσεν</em></strong></span> <span class='ocrx_word' id='word_1_236' title='bbox 2239 2697 2389 2753; x_wconf 79' lang='lat' dir='ltr'><strong><em>AErt</em></strong></span> <span class='ocrx_word' id='word_1_237' title='bbox 2418 2700 2443 2770; x_wconf 66' lang='lat' dir='ltr'><strong><em>l.</em></strong></span> <span class='ocrx_word' id='word_1_238' title='bbox 2466 2701 2499 2754; x_wconf 92' lang='grc'>6</span> <span class='ocrx_word' id='word_1_239' title='bbox 2536 2719 2705 2754; x_wconf 86' lang='grc' dir='ltr'><strong><em>αυτον</em></strong></span> <span class='ocrx_word' id='word_1_240' title='bbox 2742 2717 2777 2754; x_wconf 87' lang='grc'>8</span> 
     </span>
     <span class='ocr_line' id='line_1_22' title="bbox 551 2785 2773 2860; baseline -0.001 -20"><span class='ocrx_word' id='word_1_241' title='bbox 551 2786 668 2856; x_wconf 79' lang='lat' dir='ltr'>[sio]</span> <span class='ocrx_word' id='word_1_242' title='bbox 705 2786 713 2855; x_wconf 88' lang='grc' dir='ltr'>Ι</span> <span class='ocrx_word' id='word_1_243' title='bbox 745 2787 779 2840; x_wconf 86' lang='grc'>6</span> <span class='ocrx_word' id='word_1_244' title='bbox 815 2785 886 2842; x_wconf 80' lang='lat' dir='ltr'><strong><em>ad</em></strong></span> <span class='ocrx_word' id='word_1_245' title='bbox 919 2794 1088 2860; x_wconf 84' lang='grc' dir='ltr'><strong><em>μωαβ</em></strong></span> <span class='ocrx_word' id='word_1_246' title='bbox 1120 2804 1148 2841; x_wconf 84' lang='grc'><strong><em>1·</em></strong></span> <span class='ocrx_word' id='word_1_247' title='bbox 1172 2796 1242 2829; x_wconf 73' lang='lat'><strong><em>²¹²⁸</em></strong></span> <span class='ocrx_word' id='word_1_248' title='bbox 1276 2804 1336 2840; x_wconf 82' lang='grc' dir='ltr'><strong><em>εκ</em></strong></span> <span class='ocrx_word' id='word_1_249' title='bbox 1368 2804 1574 2860; x_wconf 81' lang='grc' dir='ltr'><strong><em>πατρος</em></strong></span> <span class='ocrx_word' id='word_1_250' title='bbox 1608 2806 1720 2856; x_wconf 87' lang='grc' dir='ltr'><strong><em>μου</em></strong></span> <span class='ocrx_word' id='word_1_251' title='bbox 1756 2805 1788 2852; x_wconf 89' lang='grc' dir='ltr'>η</span> <span class='ocrx_word' id='word_1_252' title='bbox 1826 2785 1975 2859; x_wconf 76' lang='grc' dir='ltr'><strong><em>υδωρ</em></strong></span> <span class='ocrx_word' id='word_1_253' title='bbox 2011 2803 2253 2860; x_wconf 85' lang='grc' dir='ltr'><strong><em>πατριον</em></strong></span> <span class='ocrx_word' id='word_1_254' title='bbox 2283 2785 2291 2855; x_wconf 98' lang='grc' dir='ltr'>Ι</span> <span class='ocrx_word' id='word_1_255' title='bbox 2323 2787 2357 2840; x_wconf 87' lang='grc'><strong>6</strong></span> <span class='ocrx_word' id='word_1_256' title='bbox 2392 2788 2520 2854; x_wconf 71' lang='lat' dir='ltr'><strong>post</strong></span> <span class='ocrx_word' id='word_1_257' title='bbox 2553 2806 2671 2856; x_wconf 88' lang='grc' dir='ltr'><strong><em>μου</em></strong></span> <span class='ocrx_word' id='word_1_258' title='bbox 2708 2789 2773 2855; x_wconf 94' lang='grc' dir='ltr'><strong><em>-Ι-</em></strong></span> 
     </span>
     <span class='ocr_line' id='line_1_23' title="bbox 548 2871 2779 2942; baseline 0 -17"><span class='ocrx_word' id='word_1_259' title='bbox 548 2891 708 2931; x_wconf 81' lang='grc' dir='ltr'><strong><em>ουτος</em></strong></span> <span class='ocrx_word' id='word_1_260' title='bbox 743 2874 827 2926; x_wconf 77' lang='lat' dir='ltr'><strong><em>mt</em></strong></span> <span class='ocrx_word' id='word_1_261' title='bbox 879 2872 887 2941; x_wconf 98' lang='grc' dir='ltr'>Ι</span> <span class='ocrx_word' id='word_1_262' title='bbox 943 2873 1032 2940; x_wconf 79' lang='lat' dir='ltr'><strong><em>7s8</em></strong></span> <span class='ocrx_word' id='word_1_263' title='bbox 1065 2892 1160 2925; x_wconf 87' lang='grc' dir='ltr'><strong><em>και</em></strong></span> <span class='ocrx_word' id='word_1_264' title='bbox 1193 2892 1227 2938; x_wconf 84' lang='grc' dir='ltr'><em>η</em></span> <span class='ocrx_word' id='word_1_265' title='bbox 1264 2889 1501 2942; x_wconf 81' lang='grc' dir='ltr'><strong><em>νεωτερα</em></strong></span> <span class='ocrx_word' id='word_1_266' title='bbox 1538 2872 1603 2924; x_wconf 82' lang='grc' dir='ltr'><strong><em>δε</em></strong></span> <span class='ocrx_word' id='word_1_267' title='bbox 1641 2889 1823 2924; x_wconf 82' lang='grc' dir='ltr'><strong><em>ετεκεν</em></strong></span> <span class='ocrx_word' id='word_1_268' title='bbox 1858 2889 1887 2924; x_wconf 86' lang='grc'><strong><em>1·</em></strong></span> <span class='ocrx_word' id='word_1_269' title='bbox 1937 2872 1945 2941; x_wconf 98' lang='grc' dir='ltr'>Ι</span> <span class='ocrx_word' id='word_1_270' title='bbox 2001 2871 2032 2925; x_wconf 84' lang='grc'><strong>7</strong></span> <span class='ocrx_word' id='word_1_271' title='bbox 2082 2888 2270 2925; x_wconf 82' lang='grc' dir='ltr'><strong><em>ετεκεν</em></strong></span> <span class='ocrx_word' id='word_1_272' title='bbox 2302 2871 2401 2926; x_wconf 89' lang='lat' dir='ltr'><strong><em>AD</em></strong></span> <span class='ocrx_word' id='word_1_273' title='bbox 2442 2873 2712 2940; x_wconf 77' lang='lat' dir='ltr'><strong>[superest</strong></span> <span class='ocrx_word' id='word_1_274' title='bbox 2744 2891 2779 2926; x_wconf 89' lang='grc' dir='ltr'><strong><em>ν</em></strong></span> 
     </span>
     <span class='ocr_line' id='line_1_24' title="bbox 547 2957 2779 3029; baseline -0.001 -15"><span class='ocrx_word' id='word_1_275' title='bbox 547 2960 674 3014; x_wconf 78' lang='lat' dir='ltr'><strong>ante</strong></span> <span class='ocrx_word' id='word_1_276' title='bbox 713 2959 798 3029; x_wconf 78' lang='grc' dir='ltr'><strong><em>δε]</em></strong></span> <span class='ocrx_word' id='word_1_277' title='bbox 836 2959 973 3014; x_wconf 77' lang='lat' dir='ltr'><strong>Ect1</strong></span> <span class='ocrx_word' id='word_1_278' title='bbox 1011 2960 1098 3025; x_wconf 59' lang='grc'><strong><em>[1;8</em></strong></span> <span class='ocrx_word' id='word_1_279' title='bbox 1118 2983 1189 3004; x_wconf 79' lang='lat'>=</span> <span class='ocrx_word' id='word_1_280' title='bbox 1210 2957 1271 3025; x_wconf 88' lang='lat' dir='ltr'><strong><em>b]</em></strong></span> <span class='ocrx_word' id='word_1_281' title='bbox 1331 2958 1339 3027; x_wconf 94' lang='grc' dir='ltr'>Ι</span> <span class='ocrx_word' id='word_1_282' title='bbox 1393 2958 1428 3011; x_wconf 89' lang='grc'>8</span> <span class='ocrx_word' id='word_1_283' title='bbox 1465 2977 1558 3010; x_wconf 83' lang='grc' dir='ltr'><strong><em>και</em></strong></span> <span class='ocrx_word' id='word_1_284' title='bbox 1597 2957 1749 3026; x_wconf 83' lang='lat' dir='ltr'>prius</span> <span class='ocrx_word' id='word_1_285' title='bbox 1787 2964 1856 3017; x_wconf 94' lang='lat'>&gt;</span> <span class='ocrx_word' id='word_1_286' title='bbox 1893 2959 1920 3010; x_wconf 77' lang='lat' dir='ltr'>t</span> <span class='ocrx_word' id='word_1_287' title='bbox 1960 2957 1968 3026; x_wconf 96' lang='grc' dir='ltr'>Ι</span> <span class='ocrx_word' id='word_1_288' title='bbox 2010 2957 2045 3012; x_wconf 90' lang='grc'>8</span> <span class='ocrx_word' id='word_1_289' title='bbox 2079 2961 2336 3011; x_wconf 81' lang='grc' dir='ltr'><strong><em>εκαλεσεν</em></strong></span> <span class='ocrx_word' id='word_1_290' title='bbox 2370 2957 2469 3012; x_wconf 91' lang='lat' dir='ltr'><strong><em>AD</em></strong></span> <span class='ocrx_word' id='word_1_291' title='bbox 2513 2958 2779 3026; x_wconf 78' lang='lat' dir='ltr'><strong>[superest</strong></span> 
     </span>
     <span class='ocr_line' id='line_1_25' title="bbox 548 3042 2778 3115; baseline 0 -17"><span class='ocrx_word' id='word_1_292' title='bbox 548 3062 610 3098; x_wconf 88' lang='grc' dir='ltr'><strong><em>εν</em></strong></span> <span class='ocrx_word' id='word_1_293' title='bbox 645 3047 771 3099; x_wconf 71' lang='lat' dir='ltr'>ante</span> <span class='ocrx_word' id='word_1_294' title='bbox 803 3047 886 3114; x_wconf 81' lang='grc' dir='ltr'><strong><em>το]</em></strong></span> <span class='ocrx_word' id='word_1_295' title='bbox 926 3045 1028 3099; x_wconf 76' lang='lat' dir='ltr'><strong><em>Ert</em></strong></span> <span class='ocrx_word' id='word_1_296' title='bbox 1068 3046 1148 3113; x_wconf 75' lang='lat' dir='ltr'><strong><em>[t2</em></strong></span> <span class='ocrx_word' id='word_1_297' title='bbox 1168 3070 1240 3091; x_wconf 85' lang='lat'>=</span> <span class='ocrx_word' id='word_1_298' title='bbox 1261 3043 1318 3114; x_wconf 88' lang='lat' dir='ltr'><strong><em>b]</em></strong></span> <span class='ocrx_word' id='word_1_299' title='bbox 1364 3045 1372 3114; x_wconf 98' lang='grc' dir='ltr'>Ι</span> <span class='ocrx_word' id='word_1_300' title='bbox 1412 3044 1447 3098; x_wconf 89' lang='grc'>8</span> <span class='ocrx_word' id='word_1_301' title='bbox 1479 3063 1671 3115; x_wconf 85' lang='grc' dir='ltr'><strong><em>αμμον</em></strong></span> <span class='ocrx_word' id='word_1_302' title='bbox 1706 3059 1758 3108; x_wconf 80' lang='lat' dir='ltr'><strong><em>c,</em></strong></span> <span class='ocrx_word' id='word_1_303' title='bbox 1817 3062 2029 3114; x_wconf 87' lang='grc' dir='ltr'><strong><em>αμμων</em></strong></span> <span class='ocrx_word' id='word_1_304' title='bbox 2063 3061 2092 3097; x_wconf 83' lang='grc'><strong><em>1·</em></strong></span> <span class='ocrx_word' id='word_1_305' title='bbox 2131 3042 2245 3113; x_wconf 87' lang='lat' dir='ltr'><strong>[qui</strong></span> <span class='ocrx_word' id='word_1_306' title='bbox 2279 3045 2337 3098; x_wconf 88' lang='lat' dir='ltr'><strong><em>in</em></strong></span> <span class='ocrx_word' id='word_1_307' title='bbox 2371 3044 2617 3114; x_wconf 81' lang='lat' dir='ltr'>margine</span> <span class='ocrx_word' id='word_1_308' title='bbox 2648 3048 2778 3104; x_wconf 81' lang='grc' dir='ltr'><strong><em>λαος</em></strong></span> 
     </span>
     <span class='ocr_line' id='line_1_26' title="bbox 549 3129 2773 3202; baseline 0 -18"><span class='ocrx_word' id='word_1_309' title='bbox 549 3130 764 3202; x_wconf 83' lang='grc' dir='ltr'><strong><em>ημων],</em></strong></span> <span class='ocrx_word' id='word_1_310' title='bbox 817 3149 971 3201; x_wconf 88' lang='grc' dir='ltr'><strong><em>αμαν</em></strong></span> <span class='ocrx_word' id='word_1_311' title='bbox 1008 3149 1037 3183; x_wconf 93' lang='grc' dir='ltr'>Ζ</span> <span class='ocrx_word' id='word_1_312' title='bbox 1085 3131 1092 3199; x_wconf 98' lang='grc' dir='ltr'>Ι</span> <span class='ocrx_word' id='word_1_313' title='bbox 1154 3132 1188 3187; x_wconf 91' lang='grc'><strong>9</strong></span> <span class='ocrx_word' id='word_1_314' title='bbox 1224 3134 1464 3201; x_wconf 79' lang='grc' dir='ltr'><strong><em>λεγουσα</em></strong></span> <span class='ocrx_word' id='word_1_315' title='bbox 1503 3137 1572 3190; x_wconf 96' lang='grc'>&gt;</span> <span class='ocrx_word' id='word_1_316' title='bbox 1603 3129 1702 3184; x_wconf 88' lang='lat' dir='ltr'><strong><em>AD</em></strong></span> <span class='ocrx_word' id='word_1_317' title='bbox 1729 3131 1845 3200; x_wconf 80' lang='lat' dir='ltr'><strong>[GR]</strong></span> <span class='ocrx_word' id='word_1_318' title='bbox 1870 3129 2010 3184; x_wconf 78' lang='lat' dir='ltr'><strong><em>anr</em></strong></span> <span class='ocrx_word' id='word_1_319' title='bbox 2056 3132 2064 3200; x_wconf 98' lang='grc' dir='ltr'>Ι</span> <span class='ocrx_word' id='word_1_320' title='bbox 2119 3131 2153 3186; x_wconf 91' lang='grc'><strong>9</strong></span> <span class='ocrx_word' id='word_1_321' title='bbox 2190 3132 2315 3184; x_wconf 75' lang='lat' dir='ltr'>ante</span> <span class='ocrx_word' id='word_1_322' title='bbox 2353 3150 2469 3190; x_wconf 83' lang='grc' dir='ltr'><strong><em>υιος</em></strong></span> <span class='ocrx_word' id='word_1_323' title='bbox 2508 3131 2573 3194; x_wconf 90' lang='grc' dir='ltr'><strong><em>-Ι-</em></strong></span> <span class='ocrx_word' id='word_1_324' title='bbox 2612 3151 2643 3183; x_wconf 93' lang='grc' dir='ltr'><strong><em>ο</em></strong></span> <span class='ocrx_word' id='word_1_325' title='bbox 2679 3131 2729 3185; x_wconf 84' lang='grc' dir='ltr'><strong>Α</strong></span> <span class='ocrx_word' id='word_1_326' title='bbox 2766 3129 2773 3201; x_wconf 98' lang='grc' dir='ltr'>Ι</span> 
     </span>
     <span class='ocr_line' id='line_1_27' title="bbox 549 3215 2776 3287; baseline -0.001 -16"><span class='ocrx_word' id='word_1_327' title='bbox 549 3216 583 3271; x_wconf 91' lang='grc'><strong>9</strong></span> <span class='ocrx_word' id='word_1_328' title='bbox 620 3234 745 3269; x_wconf 81' lang='grc' dir='ltr'><strong><em>υιον</em></strong></span> <span class='ocrx_word' id='word_1_329' title='bbox 779 3215 824 3268; x_wconf 87' lang='grc' dir='ltr'><strong>Ε</strong></span> <span class='ocrx_word' id='word_1_330' title='bbox 872 3216 880 3285; x_wconf 98' lang='grc' dir='ltr'>Ι</span> <span class='ocrx_word' id='word_1_331' title='bbox 929 3218 963 3271; x_wconf 92' lang='grc'><strong>9</strong></span> <span class='ocrx_word' id='word_1_332' title='bbox 999 3219 1127 3287; x_wconf 75' lang='lat' dir='ltr'><strong>post</strong></span> <span class='ocrx_word' id='word_1_333' title='bbox 1158 3237 1282 3276; x_wconf 84' lang='grc' dir='ltr'><strong><em>υιος</em></strong></span> <span class='ocrx_word' id='word_1_334' title='bbox 1319 3220 1380 3281; x_wconf 94' lang='grc' dir='ltr'><strong><em>-Ι-</em></strong></span> <span class='ocrx_word' id='word_1_335' title='bbox 1420 3235 1517 3268; x_wconf 84' lang='grc' dir='ltr'><strong><em>του</em></strong></span> <span class='ocrx_word' id='word_1_336' title='bbox 1550 3215 1869 3271; x_wconf 74' lang='lat' dir='ltr'><strong><em>ADEamrtz</em></strong></span> <span class='ocrx_word' id='word_1_337' title='bbox 1900 3218 1906 3286; x_wconf 98' lang='grc' dir='ltr'>Ι</span> <span class='ocrx_word' id='word_1_338' title='bbox 1938 3216 1972 3268; x_wconf 90' lang='grc'><strong>9</strong></span> <span class='ocrx_word' id='word_1_339' title='bbox 2008 3234 2173 3286; x_wconf 84' lang='grc' dir='ltr'><strong><em>γενου</em></strong></span> <span class='ocrx_word' id='word_1_340' title='bbox 2210 3235 2239 3270; x_wconf 87' lang='grc'><strong><em>1·</em></strong></span> <span class='ocrx_word' id='word_1_341' title='bbox 2283 3216 2291 3285; x_wconf 99' lang='grc' dir='ltr'>Ι</span> <span class='ocrx_word' id='word_1_342' title='bbox 2334 3217 2369 3270; x_wconf 90' lang='grc'><strong>9</strong></span> <span class='ocrx_word' id='word_1_343' title='bbox 2404 3219 2531 3285; x_wconf 77' lang='lat' dir='ltr'><strong>post</strong></span> <span class='ocrx_word' id='word_1_344' title='bbox 2562 3237 2673 3287; x_wconf 86' lang='grc' dir='ltr'><strong><em>μου</em></strong></span> <span class='ocrx_word' id='word_1_345' title='bbox 2710 3218 2776 3284; x_wconf 82' lang='grc' dir='ltr'><strong><em>-Ι-</em></strong></span> 
     </span>
     <span class='ocr_line' id='line_1_28' title="bbox 548 3301 2777 3375; baseline 0.001 -21"><span class='ocrx_word' id='word_1_346' title='bbox 548 3304 857 3371; x_wconf 60' lang='grc' dir='ltr'><strong><em>λεγουσαβ</em></strong></span> <span class='ocrx_word' id='word_1_347' title='bbox 887 3301 894 3370; x_wconf 96' lang='grc' dir='ltr'>Ι</span> <span class='ocrx_word' id='word_1_348' title='bbox 927 3302 960 3356; x_wconf 92' lang='grc'><strong>9</strong></span> <span class='ocrx_word' id='word_1_349' title='bbox 995 3321 1321 3374; x_wconf 81' lang='grc' dir='ltr'><strong><em>αμμονιτων</em></strong></span> <span class='ocrx_word' id='word_1_350' title='bbox 1355 3318 1384 3357; x_wconf 78' lang='grc' dir='ltr'><strong><em>ο</em></strong></span> <span class='ocrx_word' id='word_1_351' title='bbox 1421 3302 1710 3373; x_wconf 86' lang='lat' dir='ltr'>[Drz==b]</span> <span class='ocrx_word' id='word_1_352' title='bbox 1728 3343 1741 3356; x_wconf 87' lang='lat'><strong>.</strong></span> <span class='ocrx_word' id='word_1_353' title='bbox 1779 3303 1838 3358; x_wconf 82' lang='lat' dir='ltr'><strong><em>in</em></strong></span> <span class='ocrx_word' id='word_1_354' title='bbox 1870 3301 2251 3357; x_wconf 62' lang='lat' dir='ltr'><strong>commenssario</strong></span> <span class='ocrx_word' id='word_1_355' title='bbox 2286 3319 2315 3356; x_wconf 85' lang='lat' dir='ltr'>r</span> <span class='ocrx_word' id='word_1_356' title='bbox 2354 3307 2422 3357; x_wconf 88' lang='grc' dir='ltr'><strong><em>Οι</em></strong></span> <span class='ocrx_word' id='word_1_357' title='bbox 2460 3322 2777 3375; x_wconf 81' lang='grc' dir='ltr'><strong><em>αμμανιται</em></strong></span> 
     </span>
     <span class='ocr_line' id='line_1_29' title="bbox 549 3390 2777 3464; baseline 0.001 -24"><span class='ocrx_word' id='word_1_358' title='bbox 549 3407 650 3441; x_wconf 77' lang='grc' dir='ltr'><strong><em>και·</em></strong></span> <span class='ocrx_word' id='word_1_359' title='bbox 681 3407 839 3441; x_wconf 81' lang='grc' dir='ltr'><strong><em>αυτοι</em></strong></span> <span class='ocrx_word' id='word_1_360' title='bbox 873 3407 966 3455; x_wconf 83' lang='grc' dir='ltr'><strong><em>της</em></strong></span> <span class='ocrx_word' id='word_1_361' title='bbox 1012 3396 1242 3462; x_wconf 80' lang='grc' dir='ltr'><strong><em>αραβιας</em></strong></span> <span class='ocrx_word' id='word_1_362' title='bbox 1290 3405 1599 3464; x_wconf 79' lang='grc' dir='ltr'><strong><em>εκρατησαν</em></strong></span> <span class='ocrx_word' id='word_1_363' title='bbox 1646 3409 1715 3442; x_wconf 85' lang='grc' dir='ltr'><strong><em>τα</em></strong></span> <span class='ocrx_word' id='word_1_364' title='bbox 1762 3407 1903 3462; x_wconf 84' lang='grc' dir='ltr'><strong><em>μερη</em></strong></span> <span class='ocrx_word' id='word_1_365' title='bbox 1942 3390 2352 3462; x_wconf 81' lang='grc' dir='ltr'><strong><em>φιλαδελφιας.</em></strong></span> <span class='ocrx_word' id='word_1_366' title='bbox 2400 3408 2517 3455; x_wconf 82' lang='grc' dir='ltr'><strong><em>ητις</em></strong></span> <span class='ocrx_word' id='word_1_367' title='bbox 2570 3407 2777 3461; x_wconf 85' lang='grc' dir='ltr'><strong><em>αμμων</em></strong></span> 
     </span>
     <span class='ocr_line' id='line_1_30' title="bbox 549 3474 2775 3549; baseline 0 -21"><span class='ocrx_word' id='word_1_368' title='bbox 549 3476 798 3529; x_wconf 80' lang='grc' dir='ltr'><strong><em>καλειται</em></strong></span> <span class='ocrx_word' id='word_1_369' title='bbox 830 3493 985 3549; x_wconf 83' lang='grc' dir='ltr'><strong><em>παρα</em></strong></span> <span class='ocrx_word' id='word_1_370' title='bbox 1016 3492 1127 3528; x_wconf 82' lang='grc' dir='ltr'><strong><em>των</em></strong></span> <span class='ocrx_word' id='word_1_371' title='bbox 1162 3491 1476 3548; x_wconf 81' lang='grc' dir='ltr'><strong><em>επιχωριων</em></strong></span> <span class='ocrx_word' id='word_1_372' title='bbox 1507 3476 1514 3543; x_wconf 98' lang='grc' dir='ltr'>Ι</span> <span class='ocrx_word' id='word_1_373' title='bbox 1549 3477 1617 3530; x_wconf 92' lang='grc'><strong><em>10</em></strong></span> <span class='ocrx_word' id='word_1_374' title='bbox 1644 3491 1922 3542; x_wconf 81' lang='grc' dir='ltr'><strong><em>εκεινησεν</em></strong></span> <span class='ocrx_word' id='word_1_375' title='bbox 1944 3475 2037 3528; x_wconf 85' lang='grc' dir='ltr'><strong><em>ΑΕ</em></strong></span> <span class='ocrx_word' id='word_1_376' title='bbox 2070 3476 2077 3544; x_wconf 99' lang='grc' dir='ltr'>Ι</span> <span class='ocrx_word' id='word_1_377' title='bbox 2112 3479 2201 3544; x_wconf 76' lang='grc' dir='ltr'><strong><em>1οζ</em></strong></span> <span class='ocrx_word' id='word_1_378' title='bbox 2214 3482 2443 3545; x_wconf 83' lang='grc' dir='ltr'><strong><em>αβρααμ</em></strong></span> <span class='ocrx_word' id='word_1_379' title='bbox 2470 3481 2738 3529; x_wconf 77' lang='grc' dir='ltr'><strong><em>εκειθενο</em></strong></span> <span class='ocrx_word' id='word_1_380' title='bbox 2766 3474 2775 3545; x_wconf 98' lang='grc' dir='ltr'>Ι</span> 
     </span>
     <span class='ocr_line' id='line_1_31' title="bbox 552 3560 2775 3634; baseline 0 -20"><span class='ocrx_word' id='word_1_381' title='bbox 552 3561 620 3617; x_wconf 88' lang='grc'><strong><em>10</em></strong></span> <span class='ocrx_word' id='word_1_382' title='bbox 657 3579 735 3620; x_wconf 85' lang='grc' dir='ltr'><strong><em>εις</em></strong></span> <span class='ocrx_word' id='word_1_383' title='bbox 768 3580 877 3631; x_wconf 86' lang='grc' dir='ltr'><strong><em>γην</em></strong></span> <span class='ocrx_word' id='word_1_384' title='bbox 913 3571 981 3621; x_wconf 94' lang='grc'>&gt;</span> <span class='ocrx_word' id='word_1_385' title='bbox 1017 3577 1073 3625; x_wconf 83' lang='grc' dir='ltr'><strong><em>ο,</em></strong></span> <span class='ocrx_word' id='word_1_386' title='bbox 1111 3579 1190 3620; x_wconf 85' lang='grc' dir='ltr'><strong><em>εις</em></strong></span> <span class='ocrx_word' id='word_1_387' title='bbox 1219 3580 1321 3629; x_wconf 85' lang='grc' dir='ltr'><strong><em>την</em></strong></span> <span class='ocrx_word' id='word_1_388' title='bbox 1354 3579 1383 3616; x_wconf 87' lang='grc'><strong><em>1·</em></strong></span> <span class='ocrx_word' id='word_1_389' title='bbox 1431 3563 1438 3630; x_wconf 97' lang='grc' dir='ltr'>Ι</span> <span class='ocrx_word' id='word_1_390' title='bbox 1488 3562 1557 3617; x_wconf 87' lang='grc'><strong><em>10</em></strong></span> <span class='ocrx_word' id='word_1_391' title='bbox 1593 3581 1732 3634; x_wconf 88' lang='grc' dir='ltr'><strong><em>προς</em></strong></span> <span class='ocrx_word' id='word_1_392' title='bbox 1766 3560 2080 3626; x_wconf 63' lang='lat' dir='ltr'><strong>Aabcmrtz,</strong></span> <span class='ocrx_word' id='word_1_393' title='bbox 2117 3580 2216 3621; x_wconf 83' lang='grc' dir='ltr'><strong><em>εως</em></strong></span> <span class='ocrx_word' id='word_1_394' title='bbox 2242 3561 2287 3615; x_wconf 84' lang='grc' dir='ltr'><strong>Ε</strong></span> <span class='ocrx_word' id='word_1_395' title='bbox 2337 3562 2345 3632; x_wconf 98' lang='grc' dir='ltr'>Ι</span> <span class='ocrx_word' id='word_1_396' title='bbox 2396 3562 2462 3615; x_wconf 93' lang='grc'><strong><em>11</em></strong></span> <span class='ocrx_word' id='word_1_397' title='bbox 2499 3565 2664 3629; x_wconf 83' lang='grc' dir='ltr'><strong><em>λιβαν</em></strong></span> <span class='ocrx_word' id='word_1_398' title='bbox 2699 3579 2727 3614; x_wconf 89' lang='grc' dir='ltr'>Ζ</span> <span class='ocrx_word' id='word_1_399' title='bbox 2768 3560 2775 3632; x_wconf 96' lang='grc' dir='ltr'>Ι</span> 
     </span>
     <span class='ocr_line' id='line_1_32' title="bbox 549 3647 2780 3723; baseline 0 -21"><span class='ocrx_word' id='word_1_400' title='bbox 549 3649 618 3703; x_wconf 92' lang='grc'><strong><em>11</em></strong></span> <span class='ocrx_word' id='word_1_401' title='bbox 655 3647 727 3700; x_wconf 84' lang='lat' dir='ltr'><strong><em>ad</em></strong></span> <span class='ocrx_word' id='word_1_402' title='bbox 760 3649 934 3715; x_wconf 78' lang='grc' dir='ltr'><strong><em>καδης</em></strong></span> <span class='ocrx_word' id='word_1_403' title='bbox 969 3665 998 3702; x_wconf 91' lang='grc'><strong><em>1·</em></strong></span> <span class='ocrx_word' id='word_1_404' title='bbox 1020 3657 1089 3692; x_wconf 70' lang='lat'><strong><em>¹¹²⁸</em></strong></span> <span class='ocrx_word' id='word_1_405' title='bbox 1119 3667 1316 3718; x_wconf 84' lang='grc' dir='ltr'><strong><em>αγιον,</em></strong></span> <span class='ocrx_word' id='word_1_406' title='bbox 1367 3649 1437 3703; x_wconf 80' lang='lat' dir='ltr'><strong><em>ad</em></strong></span> <span class='ocrx_word' id='word_1_407' title='bbox 1473 3664 1614 3723; x_wconf 90' lang='grc' dir='ltr'><strong><em>σουρ</em></strong></span> <span class='ocrx_word' id='word_1_408' title='bbox 1648 3648 1793 3704; x_wconf 79' lang='lat' dir='ltr'>idem</span> <span class='ocrx_word' id='word_1_409' title='bbox 1837 3667 2020 3718; x_wconf 81' lang='grc' dir='ltr'><strong><em>τειχος</em></strong></span> <span class='ocrx_word' id='word_1_410' title='bbox 2062 3669 2095 3714; x_wconf 82' lang='grc' dir='ltr'>η</span> <span class='ocrx_word' id='word_1_411' title='bbox 2135 3653 2418 3718; x_wconf 74' lang='grc' dir='ltr'><strong><em>ευθυσμος</em></strong></span> <span class='ocrx_word' id='word_1_412' title='bbox 2470 3647 2479 3716; x_wconf 98' lang='grc' dir='ltr'>Ι</span> <span class='ocrx_word' id='word_1_413' title='bbox 2534 3649 2601 3703; x_wconf 91' lang='grc'><strong><em>11</em></strong></span> <span class='ocrx_word' id='word_1_414' title='bbox 2640 3649 2780 3702; x_wconf 72' lang='grc' dir='ltr'><strong><em>καδ-</em></strong></span> 
     </span>
     <span class='ocr_line' id='line_1_33' title="bbox 554 3733 2784 3808; baseline 0.001 -23"><span class='ocrx_word' id='word_1_415' title='bbox 554 3733 653 3799; x_wconf 77' lang='grc' dir='ltr'><strong><em>δης</em></strong></span> <span class='ocrx_word' id='word_1_416' title='bbox 684 3749 714 3787; x_wconf 89' lang='grc' dir='ltr'>Ζ</span> <span class='ocrx_word' id='word_1_417' title='bbox 745 3733 754 3802; x_wconf 98' lang='grc' dir='ltr'>Ι</span> <span class='ocrx_word' id='word_1_418' title='bbox 788 3733 856 3788; x_wconf 97' lang='grc'><strong><em>12</em></strong></span> <span class='ocrx_word' id='word_1_419' title='bbox 890 3753 1153 3808; x_wconf 71' lang='grc' dir='ltr'><strong><em>γαραροισ</em></strong></span> <span class='ocrx_word' id='word_1_420' title='bbox 1188 3752 1218 3787; x_wconf 88' lang='grc' dir='ltr'>Ζ</span> <span class='ocrx_word' id='word_1_421' title='bbox 1262 3733 1270 3803; x_wconf 98' lang='grc' dir='ltr'>Ι</span> <span class='ocrx_word' id='word_1_422' title='bbox 1321 3735 1388 3790; x_wconf 90' lang='grc'><strong><em>12</em></strong></span> <span class='ocrx_word' id='word_1_423' title='bbox 1422 3737 1546 3805; x_wconf 75' lang='lat' dir='ltr'><strong>post</strong></span> <span class='ocrx_word' id='word_1_424' title='bbox 1577 3754 1836 3808; x_wconf 81' lang='grc' dir='ltr'><strong><em>γεραροις</em></strong></span> <span class='ocrx_word' id='word_1_425' title='bbox 1869 3752 1898 3788; x_wconf 83' lang='grc'><strong><em>1·</em></strong></span> <span class='ocrx_word' id='word_1_426' title='bbox 1932 3735 1991 3788; x_wconf 84' lang='lat' dir='ltr'><strong><em>in</em></strong></span> <span class='ocrx_word' id='word_1_427' title='bbox 2026 3734 2409 3789; x_wconf 72' lang='lat' dir='ltr'><strong>commentario</strong></span> <span class='ocrx_word' id='word_1_428' title='bbox 2452 3737 2625 3788; x_wconf 84' lang='grc' dir='ltr'><strong><em>Ουτοι</em></strong></span> <span class='ocrx_word' id='word_1_429' title='bbox 2667 3733 2784 3803; x_wconf 80' lang='lat' dir='ltr'><strong>[sed</strong></span> 
     </span>
     <span class='ocr_line' id='line_1_34' title="bbox 551 3818 2780 3894; baseline -0.001 -20"><span class='ocrx_word' id='word_1_430' title='bbox 551 3818 644 3890; x_wconf 80' lang='lat' dir='ltr'><strong><em>qui</em></strong></span> <span class='ocrx_word' id='word_1_431' title='bbox 656 3818 704 3888; x_wconf 74' lang='lat' dir='ltr'><strong><em>P]</em></strong></span> <span class='ocrx_word' id='word_1_432' title='bbox 761 3838 853 3887; x_wconf 83' lang='grc' dir='ltr'><strong><em>της</em></strong></span> <span class='ocrx_word' id='word_1_433' title='bbox 901 3827 1132 3893; x_wconf 84' lang='grc' dir='ltr'><strong><em>αραβιας</em></strong></span> <span class='ocrx_word' id='word_1_434' title='bbox 1180 3819 1451 3890; x_wconf 78' lang='grc' dir='ltr'><strong><em>κατεσχον</em></strong></span> <span class='ocrx_word' id='word_1_435' title='bbox 1509 3840 1607 3880; x_wconf 83' lang='grc' dir='ltr'><strong><em>τας</em></strong></span> <span class='ocrx_word' id='word_1_436' title='bbox 1664 3841 1817 3893; x_wconf 85' lang='grc' dir='ltr'><strong><em>αμφι</em></strong></span> <span class='ocrx_word' id='word_1_437' title='bbox 1879 3839 1978 3888; x_wconf 83' lang='grc' dir='ltr'><strong><em>την</em></strong></span> <span class='ocrx_word' id='word_1_438' title='bbox 2042 3823 2393 3893; x_wconf 79' lang='grc' dir='ltr'><strong><em>καλουμενην</em></strong></span> <span class='ocrx_word' id='word_1_439' title='bbox 2447 3822 2780 3894; x_wconf 82' lang='grc' dir='ltr'><strong><em>αρεοπολιν.</em></strong></span> 
     </span>
     <span class='ocr_line' id='line_1_35' title="bbox 548 3904 2783 3980; baseline 0 -22"><span class='ocrx_word' id='word_1_440' title='bbox 548 3926 668 3973; x_wconf 82' lang='grc' dir='ltr'><strong><em>ητις</em></strong></span> <span class='ocrx_word' id='word_1_441' title='bbox 702 3924 771 3972; x_wconf 86' lang='grc' dir='ltr'><strong><em>ην</em></strong></span> <span class='ocrx_word' id='word_1_442' title='bbox 805 3908 1147 3980; x_wconf 75' lang='grc' dir='ltr'><strong><em>μητροπολις</em></strong></span> <span class='ocrx_word' id='word_1_443' title='bbox 1183 3926 1246 3960; x_wconf 80' lang='grc' dir='ltr'><strong><em>το</em></strong></span> <span class='ocrx_word' id='word_1_444' title='bbox 1283 3910 1533 3961; x_wconf 83' lang='grc' dir='ltr'><strong><em>παλαιον</em></strong></span> <span class='ocrx_word' id='word_1_445' title='bbox 1578 3926 1677 3959; x_wconf 82' lang='grc' dir='ltr'><strong><em>του</em></strong></span> <span class='ocrx_word' id='word_1_446' title='bbox 1724 3914 2023 3977; x_wconf 80' lang='grc' dir='ltr'><strong><em>μωαβιτων</em></strong></span> <span class='ocrx_word' id='word_1_447' title='bbox 2059 3913 2261 3966; x_wconf 72' lang='grc' dir='ltr'><strong><em>εθνους</em></strong></span> <span class='ocrx_word' id='word_1_448' title='bbox 2315 3907 2323 3974; x_wconf 95' lang='grc' dir='ltr'>Ι</span> <span class='ocrx_word' id='word_1_449' title='bbox 2382 3906 2448 3960; x_wconf 88' lang='grc'><strong><em>12</em></strong></span> <span class='ocrx_word' id='word_1_450' title='bbox 2490 3923 2648 3960; x_wconf 85' lang='grc' dir='ltr'><strong><em>ειπεν</em></strong></span> <span class='ocrx_word' id='word_1_451' title='bbox 2685 3904 2783 3959; x_wconf 90' lang='lat' dir='ltr'><em>AD</em></span> 
     </span>
     <span class='ocr_line' id='line_1_36' title="bbox 556 3989 2779 4066; baseline -0.001 -19"><span class='ocrx_word' id='word_1_452' title='bbox 556 3996 829 4062; x_wconf 77' lang='lat' dir='ltr'><strong>[superest</strong></span> <span class='ocrx_word' id='word_1_453' title='bbox 864 4009 925 4046; x_wconf 83' lang='grc' dir='ltr'><strong><em>εν</em></strong></span> <span class='ocrx_word' id='word_1_454' title='bbox 960 3995 1086 4047; x_wconf 71' lang='lat' dir='ltr'>ante</span> <span class='ocrx_word' id='word_1_455' title='bbox 1124 3994 1212 4062; x_wconf 75' lang='grc' dir='ltr'><strong><em>δε]</em></strong></span> <span class='ocrx_word' id='word_1_456' title='bbox 1249 3993 1405 4048; x_wconf 77' lang='lat' dir='ltr'><strong>Emrt</strong></span> <span class='ocrx_word' id='word_1_457' title='bbox 1439 3995 1621 4060; x_wconf 72' lang='lat' dir='ltr'><strong>[t2=</strong></span> <span class='ocrx_word' id='word_1_458' title='bbox 1643 3992 1702 4060; x_wconf 89' lang='lat' dir='ltr'><strong><em>b]</em></strong></span> <span class='ocrx_word' id='word_1_459' title='bbox 1736 3995 1744 4062; x_wconf 98' lang='grc' dir='ltr'>Ι</span> <span class='ocrx_word' id='word_1_460' title='bbox 1779 3994 1844 4048; x_wconf 80' lang='grc'><strong><em>12</em></strong></span> <span class='ocrx_word' id='word_1_461' title='bbox 1882 3999 2068 4066; x_wconf 81' lang='grc' dir='ltr'><strong><em>αβραμ</em></strong></span> <span class='ocrx_word' id='word_1_462' title='bbox 2104 3992 2155 4046; x_wconf 95' lang='lat' dir='ltr'><em>D</em></span> <span class='ocrx_word' id='word_1_463' title='bbox 2188 3992 2195 4059; x_wconf 97' lang='grc' dir='ltr'>Ι</span> <span class='ocrx_word' id='word_1_464' title='bbox 2231 3992 2297 4046; x_wconf 82' lang='grc'><strong><em>13</em></strong></span> <span class='ocrx_word' id='word_1_465' title='bbox 2337 4011 2417 4044; x_wconf 84' lang='grc' dir='ltr'><strong><em>οτι</em></strong></span> <span class='ocrx_word' id='word_1_466' title='bbox 2447 4000 2515 4050; x_wconf 95' lang='grc'>&gt;</span> <span class='ocrx_word' id='word_1_467' title='bbox 2532 3991 2746 4046; x_wconf 81' lang='lat' dir='ltr'><strong>DEamt</strong></span> <span class='ocrx_word' id='word_1_468' title='bbox 2772 3989 2779 4061; x_wconf 98' lang='grc' dir='ltr'>Ι</span> 
     </span>
     <span class='ocr_line' id='line_1_37' title="bbox 551 4077 2785 4151; baseline -0.002 -16"><span class='ocrx_word' id='word_1_469' title='bbox 551 4079 710 4149; x_wconf 76' lang='lat' dir='ltr'><strong>13f15</strong></span> <span class='ocrx_word' id='word_1_470' title='bbox 745 4095 883 4150; x_wconf 80' lang='lat' dir='ltr'><strong>quae</strong></span> <span class='ocrx_word' id='word_1_471' title='bbox 923 4078 1070 4132; x_wconf 74' lang='lat' dir='ltr'><strong>inter</strong></span> <span class='ocrx_word' id='word_1_472' title='bbox 1123 4085 1376 4151; x_wconf 74' lang='grc' dir='ltr'><strong><em>εφοβηθη</em></strong></span> <span class='ocrx_word' id='word_1_473' title='bbox 1416 4081 1482 4135; x_wconf 86' lang='grc'><strong><em>13</em></strong></span> <span class='ocrx_word' id='word_1_474' title='bbox 1517 4081 1574 4134; x_wconf 73' lang='lat' dir='ltr'><strong><em>et</em></strong></span> <span class='ocrx_word' id='word_1_475' title='bbox 1624 4097 1796 4146; x_wconf 84' lang='grc' dir='ltr'><strong><em>αυτην</em></strong></span> <span class='ocrx_word' id='word_1_476' title='bbox 1832 4079 1897 4134; x_wconf 91' lang='grc'><strong><em>15</em></strong></span> <span class='ocrx_word' id='word_1_477' title='bbox 1933 4077 2139 4142; x_wconf 79' lang='lat' dir='ltr'><strong>media,</strong></span> <span class='ocrx_word' id='word_1_478' title='bbox 2186 4084 2255 4137; x_wconf 94' lang='lat'>&gt;</span> <span class='ocrx_word' id='word_1_479' title='bbox 2285 4094 2345 4131; x_wconf 87' lang='lat' dir='ltr'><strong><em>rz</em></strong></span> <span class='ocrx_word' id='word_1_480' title='bbox 2406 4077 2414 4145; x_wconf 99' lang='grc' dir='ltr'>Ι</span> <span class='ocrx_word' id='word_1_481' title='bbox 2481 4077 2550 4131; x_wconf 86' lang='grc'><strong><em>14</em></strong></span> <span class='ocrx_word' id='word_1_482' title='bbox 2584 4097 2672 4131; x_wconf 85' lang='grc' dir='ltr'><strong><em>οτι</em></strong></span> <span class='ocrx_word' id='word_1_483' title='bbox 2717 4087 2785 4137; x_wconf 94' lang='grc'>&gt;</span> 
     </span>
     <span class='ocr_line' id='line_1_38' title="bbox 553 4163 2783 4235; baseline -0.001 -16"><span class='ocrx_word' id='word_1_484' title='bbox 553 4165 605 4219; x_wconf 94' lang='lat' dir='ltr'><em>D</em></span> <span class='ocrx_word' id='word_1_485' title='bbox 637 4167 745 4235; x_wconf 72' lang='lat' dir='ltr'><strong>[GR]</strong></span> <span class='ocrx_word' id='word_1_486' title='bbox 773 4166 854 4219; x_wconf 84' lang='lat' dir='ltr'><strong><em>Ea</em></strong></span> <span class='ocrx_word' id='word_1_487' title='bbox 893 4164 1078 4234; x_wconf 76' lang='lat' dir='ltr'><strong>[habet</strong></span> <span class='ocrx_word' id='word_1_488' title='bbox 1112 4164 1214 4220; x_wconf 80' lang='lat' dir='ltr'><strong><em>hoo</em></strong></span> <span class='ocrx_word' id='word_1_489' title='bbox 1247 4165 1364 4220; x_wconf 80' lang='lat'><strong>1000</strong></span> <span class='ocrx_word' id='word_1_490' title='bbox 1400 4166 1475 4235; x_wconf 89' lang='lat' dir='ltr'><strong><em>m]</em></strong></span> <span class='ocrx_word' id='word_1_491' title='bbox 1531 4165 1539 4234; x_wconf 95' lang='grc' dir='ltr'>Ι</span> <span class='ocrx_word' id='word_1_492' title='bbox 1582 4165 1653 4221; x_wconf 90' lang='grc'><strong><em>14</em></strong></span> <span class='ocrx_word' id='word_1_493' title='bbox 1687 4180 1837 4218; x_wconf 84' lang='grc' dir='ltr'><strong><em>εστιν</em></strong></span> <span class='ocrx_word' id='word_1_494' title='bbox 1871 4163 1971 4218; x_wconf 87' lang='lat' dir='ltr'><em>AD</em></span> <span class='ocrx_word' id='word_1_495' title='bbox 2008 4164 2278 4234; x_wconf 77' lang='lat' dir='ltr'><strong>[superest</strong></span> <span class='ocrx_word' id='word_1_496' title='bbox 2310 4183 2344 4216; x_wconf 90' lang='grc' dir='ltr'><strong><em>ν</em></strong></span> <span class='ocrx_word' id='word_1_497' title='bbox 2380 4165 2506 4218; x_wconf 71' lang='lat' dir='ltr'>ante</span> <span class='ocrx_word' id='word_1_498' title='bbox 2540 4163 2783 4233; x_wconf 81' lang='grc' dir='ltr'><strong><em>μηποτε]</em></strong></span> 
     </span>
     <span class='ocr_line' id='line_1_39' title="bbox 550 4250 2785 4322; baseline -0.001 -18"><span class='ocrx_word' id='word_1_499' title='bbox 550 4251 680 4306; x_wconf 74' lang='lat' dir='ltr'><strong><em>Emt</em></strong></span> <span class='ocrx_word' id='word_1_500' title='bbox 719 4254 798 4321; x_wconf 73' lang='lat' dir='ltr'><strong><em>[t2</em></strong></span> <span class='ocrx_word' id='word_1_501' title='bbox 821 4279 892 4299; x_wconf 81' lang='lat'><strong>=</strong></span> <span class='ocrx_word' id='word_1_502' title='bbox 913 4252 969 4322; x_wconf 87' lang='lat' dir='ltr'><strong><em>b]</em></strong></span> <span class='ocrx_word' id='word_1_503' title='bbox 1029 4253 1037 4322; x_wconf 95' lang='grc' dir='ltr'>Ι</span> <span class='ocrx_word' id='word_1_504' title='bbox 1095 4253 1163 4307; x_wconf 86' lang='grc'><strong><em>14</em></strong></span> <span class='ocrx_word' id='word_1_505' title='bbox 1202 4268 1607 4306; x_wconf 77' lang='grc' dir='ltr'><strong><em>αποκτενουσιν</em></strong></span> <span class='ocrx_word' id='word_1_506' title='bbox 1640 4255 1728 4316; x_wconf 80' lang='lat' dir='ltr'><strong><em>at,</em></strong></span> <span class='ocrx_word' id='word_1_507' title='bbox 1776 4251 2146 4306; x_wconf 78' lang='grc' dir='ltr'><strong><em>ἀποκτενᾶσιν</em></strong></span> <span class='ocrx_word' id='word_1_508' title='bbox 2184 4268 2240 4305; x_wconf 91' lang='lat' dir='ltr'><strong>m</strong></span> <span class='ocrx_word' id='word_1_509' title='bbox 2293 4250 2302 4319; x_wconf 98' lang='grc' dir='ltr'>Ι</span> <span class='ocrx_word' id='word_1_510' title='bbox 2360 4251 2427 4306; x_wconf 84' lang='grc'><strong><em>15</em></strong></span> <span class='ocrx_word' id='word_1_511' title='bbox 2458 4253 2785 4304; x_wconf 78' lang='grc' dir='ltr'><strong><em>απεστειλεν</em></strong></span> 
     </span>
     <span class='ocr_line' id='line_1_40' title="bbox 552 4335 2788 4408; baseline -0.001 -18"><span class='ocrx_word' id='word_1_512' title='bbox 552 4335 652 4390; x_wconf 89' lang='lat' dir='ltr'><em>AD</em></span> <span class='ocrx_word' id='word_1_513' title='bbox 691 4340 963 4406; x_wconf 77' lang='lat' dir='ltr'>[superest</span> <span class='ocrx_word' id='word_1_514' title='bbox 1009 4341 1220 4392; x_wconf 77' lang='grc' dir='ltr'><strong><em>στειλεν</em></strong></span> <span class='ocrx_word' id='word_1_515' title='bbox 1267 4341 1393 4392; x_wconf 80' lang='lat' dir='ltr'><strong>ante</strong></span> <span class='ocrx_word' id='word_1_516' title='bbox 1447 4339 1535 4404; x_wconf 79' lang='grc' dir='ltr'><strong><em>δε]</em></strong></span> <span class='ocrx_word' id='word_1_517' title='bbox 1571 4338 1673 4392; x_wconf 78' lang='lat' dir='ltr'><strong><em>Ert</em></strong></span> <span class='ocrx_word' id='word_1_518' title='bbox 1714 4338 1794 4407; x_wconf 72' lang='lat' dir='ltr'><strong><em>[t2</em></strong></span> <span class='ocrx_word' id='word_1_519' title='bbox 1816 4362 1887 4384; x_wconf 93' lang='lat'>=</span> <span class='ocrx_word' id='word_1_520' title='bbox 1909 4336 1964 4405; x_wconf 94' lang='lat' dir='ltr'><strong><em>b]</em></strong></span> <span class='ocrx_word' id='word_1_521' title='bbox 2040 4339 2047 4406; x_wconf 95' lang='grc' dir='ltr'>Ι</span> <span class='ocrx_word' id='word_1_522' title='bbox 2115 4337 2183 4392; x_wconf 87' lang='lat'><strong><em>15</em></strong></span> <span class='ocrx_word' id='word_1_523' title='bbox 2228 4336 2299 4391; x_wconf 84' lang='lat' dir='ltr'><strong><em>ad</em></strong></span> <span class='ocrx_word' id='word_1_524' title='bbox 2346 4339 2617 4408; x_wconf 77' lang='grc' dir='ltr'><strong><em>αβιμελεχ</em></strong></span> <span class='ocrx_word' id='word_1_525' title='bbox 2670 4353 2697 4389; x_wconf 90' lang='lat'><strong><em>1·</em></strong></span> <span class='ocrx_word' id='word_1_526' title='bbox 2719 4343 2788 4378; x_wconf 72' lang='lat'><strong><em>¹¹²⁸</em></strong></span> 
     </span>
     <span class='ocr_line' id='line_1_41' title="bbox 552 4421 2791 4500; baseline 0.001 -26"><span class='ocrx_word' id='word_1_527' title='bbox 552 4439 766 4494; x_wconf 84' lang='grc' dir='ltr'><strong><em>πατρος</em></strong></span> <span class='ocrx_word' id='word_1_528' title='bbox 799 4442 911 4491; x_wconf 87' lang='grc' dir='ltr'><strong><em>μου</em></strong></span> <span class='ocrx_word' id='word_1_529' title='bbox 945 4425 1204 4491; x_wconf 80' lang='grc' dir='ltr'><strong><em>βασιλεια</em></strong></span> <span class='ocrx_word' id='word_1_530' title='bbox 1254 4424 1264 4493; x_wconf 98' lang='grc' dir='ltr'>Ι</span> <span class='ocrx_word' id='word_1_531' title='bbox 1321 4424 1478 4491; x_wconf 82' lang='lat' dir='ltr'>15s16</span> <span class='ocrx_word' id='word_1_532' title='bbox 1513 4442 1849 4500; x_wconf 83' lang='grc' dir='ltr'><strong><em>γαγαραρων</em></strong></span> <span class='ocrx_word' id='word_1_533' title='bbox 1879 4424 1925 4478; x_wconf 90' lang='grc' dir='ltr'>Ε</span> <span class='ocrx_word' id='word_1_534' title='bbox 1944 4463 1957 4477; x_wconf 90' lang='grc'><strong><em>.</em></strong></span> <span class='ocrx_word' id='word_1_535' title='bbox 1996 4422 2057 4478; x_wconf 83' lang='lat' dir='ltr'><strong><em>in</em></strong></span> <span class='ocrx_word' id='word_1_536' title='bbox 2094 4441 2345 4498; x_wconf 79' lang='grc' dir='ltr'><strong><em>γεραρων</em></strong></span> <span class='ocrx_word' id='word_1_537' title='bbox 2380 4425 2509 4478; x_wconf 74' lang='lat' dir='ltr'><strong>ante</strong></span> <span class='ocrx_word' id='word_1_538' title='bbox 2547 4441 2589 4474; x_wconf 90' lang='grc' dir='ltr'><em>ω</em></span> <span class='ocrx_word' id='word_1_539' title='bbox 2626 4421 2791 4476; x_wconf 70' lang='lat' dir='ltr'><strong>litera</strong></span> 
     </span>
    </p>
   </div>
  </div>
 </body>
</html>
