3169 4941
556 414 658 469 152
1478 409 1703 467 Genesis
1741 412 1828 466 3⁷.

551 568 735 643 εἶπεν
772 575 993 655 αῧτοῖς
1030 574 1385 642 Ἀκούσατε
1426 578 1542 642 τοῦ
1584 572 1892 643 ἐνυπνίου
1933 573 2159 643 τούτου
2201 566 2276 642 οὗ
2302 570 2766 661 ἑνυπνιάσθην.
2805 592 2832 637 1

565 684 589 723 '¹
604 676 779 769 ᾤμην
838 674 1002 763 ὑμᾶς
1060 671 1387 764 δεσμεύειν
1440 674 1776 767 δράγματα
1832 678 1899 746 ἐν
1951 678 2132 767 μέσῳ
2184 684 2279 767 τῷ
2337 674 2551 765 πεδίῳ
2567 699 2582 715 ·
2657 674 2768 742 καὶ

551 776 785 873 ἀνέστη
827 783 903 850 τὸ
954 781 1107 867 ἐμὸν
1150 778 1401 870 δράγμα
1448 782 1560 850 καὶ
1617 780 1915 873 ὥρθώθη
1935 808 1950 824 ·
2013 782 2536 873 περιστραφέντα
2577 780 2650 848 δὲ
2685 779 2769 847 τὰ

553 883 890 1013 δράγματα
931 886 1108 973 ὑμῶν
1152 883 1640 977 προσεκύνησαν
1699 888 1776 955 τὸ
1829 886 1986 973 ἐμὸν
2045 883 2318 977 δράγμα.
2404 878 2640 953 θεῖπαν
2696 882 2769 951 δὲ

554 985 725 1081 αὐτῷ
759 989 825 1059 οὶ
868 988 1141 1082 ἀδελφοὶ
1187 984 1385 1059 αὐτοῦ
1428 992 1546 1083 Μὴ
1597 990 1950 1077 βασιλεύων
2008 988 2417 1077 βασιλεύσεις
2461 990 2562 1080 ἐφ’
2605 986 2774 1079 ἡμᾶς
2806 1010 2836 1057 5

552 1124 593 1188 η
649 1090 951 1186 κυριεύων
1019 1092 1376 1184 κυριεύσεις
1446 1094 1652 1186 ἡμῶν;
1724 1097 1833 1164 καὶ
1909 1097 2321 1186 προσέθεντο
2395 1122 2495 1163 ετι
2555 1099 2772 1180 μισεῖν

556 1192 751 1270 αὗτόν
802 1198 1011 1267 ἕνεκεν
1065 1204 1193 1266 τῶν
1250 1198 1561 1268 ἐνυπνίων
1620 1198 1814 1269 αὐτοῦ
1867 1201 1980 1267 καὶ
2035 1200 2251 1267 ἕνεκεν
2308 1205 2438 1266 τῶν
2481 1197 2775 1327 ῥημάτων

556 1302 772 1373 αὐτοῦ.
866 1298 1039 1372 ἐἶδε
1094 1304 1168 1373 δὲ
1225 1300 1522 1373 ἐνύπνιον
1580 1304 1828 1395 ἕτερον,
1897 1304 2008 1372 καὶ
2061 1300 2408 1394 διηγήσπο
2463 1296 2622 1371 αὐτὸ
2683 1305 2777 1391 τῷ

557 1409 764 1498 πατρὶ
836 1406 1032 1477 αὐτοῦ
1104 1408 1216 1476 καὶ
1288 1414 1431 1489 τοῖς
1498 1406 1809 1499 ἀδελφοῖς
1877 1403 2074 1477 αυτοῦ
2088 1462 2105 1493 ,
2180 1408 2294 1476 καὶ
2359 1400 2544 1475 εἶπεν
2604 1404 2778 1476 Ἰδοὺ

558 1514 1039 1605 ἑνυπνιασάμην
1086 1510 1391 1582 ἐνύπνιον
1434 1513 1649 1604 ἕτερον
1662 1538 1675 1551 ·
1736 1512 1961 1601 ὥσπερ
2005 1510 2042 1580 ὃ
2084 1511 2265 1604 ἥλιος
2309 1512 2424 1581 καὶ
2466 1511 2504 1604 ἡ
2549 1512 2776 1604 σελήνη
2813 1530 2880 1578 10

556 1616 666 1685 καὶ
708 1616 937 1686 ἕνδεκα
980 1616 1248 1706 ἀστέρες
1290 1614 1726 1707 προσεκύνουν
1771 1644 1871 1703 με.
1951 1617 2129 1686 10καὶ
2175 1615 2560 1709 ἐπετίμησεν
2604 1611 2780 1706 αὐτῷ

558 1720 595 1791 ὃ
640 1721 854 1814 πατὴρ
896 1720 1091 1789 αὐτοῦ
1131 1723 1241 1790 καὶ
1288 1715 1473 1790 εἶπεν
1514 1715 1688 1812 αὐτῷ
1721 1722 1809 1789 Τί
1844 1722 1922 1790 τὸ
1968 1718 2269 1789 ἐνύπνιον
2311 1730 2501 1790 τοῦτο
2519 1776 2534 1806 ,
2583 1716 2620 1790 ὃ
2649 1721 2779 1789 ἐνυ-

558 1823 897 1917 πνιάσθης
908 1858 931 1912 ,·
986 1822 1111 1917 ἆρά
1154 1851 1224 1913 γε
1271 1824 1573 1908 ἐλθόντες
1615 1826 2017 1912 ἐλευσόμεθα
2060 1827 2183 1914 ἐγώ
2223 1852 2293 1895 τε
2336 1826 2448 1894 καὶ
2491 1826 2531 1917 ἡ
2576 1826 2779 1917 μήτηρ

560 1952 679 2000 σου
735 1931 845 1998 καὶ
913 1929 980 1998 οὶ
1044 1928 1323 2021 ἀδελφοί
1388 1953 1506 1998 σου
1575 1928 2024 2021 προσκυνῆσαί
2082 1953 2189 1997 σοι
2256 1929 2373 1999 ἐπὶ
2443 1932 2556 2021 τὴν
2626 1940 2780 2022 γῆν,·

568 2032 959 2125 Πέζήλωσαν
1001 2035 1073 2103 δὲ
1116 2028 1311 2103 αὐτὸν
1374 2032 1440 2103 οἱ
1495 2027 1768 2125 ἀδελφοὶ
1827 2032 2049 2118 αὐτοῦ,
2127 2033 2164 2102 ὃ
2217 2033 2290 2103 δὲ
2329 2036 2545 2127 πατὴρ
2587 2032 2782 2103 αὐτοῦ
2817 2052 2886 2101 1⁵

561 2139 892 2230 διετήρησε
959 2140 1037 2208 τὸ
1110 2147 1298 2229 ῥῆμα.
1398 2144 1456 2183 ¹²
1477 2134 1934 2229 ἐπορεύθησαν
1997 2139 2070 2207 δὲ
2129 2137 2193 2208 οἳ
2254 2133 2529 2231 ἀδελφοὶ
2585 2136 2781 2209 αὐτοῦ

558 2242 817 2331 βόσκειν
873 2244 957 2311 τὰ
1010 2240 1316 2334 πρόβατα
1366 2250 1481 2312 τοῦ
1532 2244 1787 2333 πατρὸς
1841 2237 2054 2312 αὐτῶν
2111 2243 2210 2325 εἰς
2263 2245 2489 2331 Συχέμ.
2587 2248 2644 2289 ¹³
2672 2244 2782 2313 καὶ

564 2340 753 2417 εἶπεν
800 2346 1051 2440 Ἰσραὴλ
1088 2348 1257 2438 πρὸς
1310 2349 1543 2439 Ἰωσὴφ
1593 2341 1750 2431 Οὖχὶ
1793 2346 1858 2415 οἱ
1902 2345 2175 2439 ἀδελφοί
2233 2370 2348 2417 σου
2393 2348 2782 2436 ποιμαίνου-

562 2478 669 2522 σιν
711 2450 806 2534 εἶς
846 2453 1095 2539 Συχέμ,·
1166 2455 1351 2543 δεῦρο
1410 2450 1787 2522 ἀποστείλω
1851 2477 1925 2522 σε
1966 2453 2136 2544 πρὸς
2185 2451 2427 2535 αὐτούς.
2501 2448 2652 2524 εἶπε
2708 2454 2804 2524 δὲ’

562 2551 733 2648 αὐτῷ
788 2556 949 2627 Ἰδοὺ
1001 2554 1144 2646 ἐγώ.
1240 2563 1300 2602 ¹⁴
1318 2551 1468 2626 εἷπε
1522 2558 1597 2626 δὲ
1642 2555 1814 2648 αὐτῷ
1863 2555 2113 2650 Ἰσραὴλ
2155 2559 2525 2650 Πορευθεὶς
2578 2557 2679 2628 ἴδε
2722 2557 2783 2627 εἰ
2817 2579 2888 2625 20

562 2661 955 2750 ὑγιαίνουσιν
1000 2660 1064 2731 οἶ
1108 2660 1389 2753 ἀδελφοί
1432 2684 1548 2730 σου
1591 2663 1706 2730 καὶ
1745 2663 1828 2729 τὰ
1865 2662 2168 2752 πρόβατα
2183 2717 2200 2748 ,
2255 2664 2371 2732 καὶ
2413 2662 2781 2751 ἀνάγγειλόν

561 2792 696 2852 μοι.
756 2767 870 2835 καὶ
914 2764 1297 2836 ἀπέστειλεν
1342 2763 1539 2836 αὐτὸν
1573 2765 1648 2834 ἐκ
1687 2773 1802 2857 τῆς
1841 2762 2146 2848 κοιλάδος
2188 2777 2303 2859 τῆς
2330 2765 2602 2859 Χεβρών
2617 2793 2630 2807 ·
2668 2769 2781 2837 καὶ

706 2971 738 3024 1
772 2988 974 3022 τουτου
1010 2977 1080 3029 >
1114 2985 1145 3022 z
1192 2969 1201 3036 Ι
1246 2969 1275 3024 1
1310 2973 1698 3034 ηνυπνιασθην
1732 2969 1783 3023 D
1813 2968 1925 3038 [GR]
1943 3009 1956 3032 ‚
1995 2983 2418 3039 ενυπνιασαμην
2451 2985 2510 3024 cz
2539 2973 2548 3037 Ι
2579 2971 2615 3025 2
2637 2989 2781 3040 ημας

567 3073 623 3110 m
653 3057 662 3125 Ι
692 3057 728 3110 2
764 3056 1057 3126 δραχματα
1092 3053 1191 3108 AD
1218 3053 1393 3124 [GBJE
1424 3053 1434 3122 Ι
1463 3054 1498 3108 2
1539 3070 1765 3128 εμμεσω
1801 3053 1876 3119 A,
1915 3073 1974 3108 εν
2009 3054 2126 3110 sine
2154 3069 2308 3125 μεσω
2345 3057 2395 3110 D
2422 3055 2538 3126 [GR]
2572 3060 2581 3124 Ι
2613 3057 2647 3110 2
2682 3076 2780 3110 του

567 3143 774 3196 πεδιου
797 3141 873 3195 ΕΖ
904 3141 912 3210 Ι
943 3141 978 3195 2
1012 3143 1223 3196 παιδιω
1262 3140 1327 3205 A,
1362 3142 1600 3198 παιδιωι
1623 3158 1679 3195 m
1719 3141 1967 3212 [Crusius
1997 3158 2106 3197 non
2138 3141 2362 3213 defuitss
2419 3145 2427 3208 Ι
2481 3145 2515 3198 3
2555 3145 2779 3215 δραχμα
2863 3129 2878 3146 ⁶

566 3228 665 3284 AD
699 3227 811 3300 [03]
837 3228 883 3281 Ε
914 3231 924 3295 Ι
954 3229 989 3282 3
1023 3234 1319 3303 ανορθωθη
1356 3246 1385 3281 z
1415 3228 1423 3299 Ι
1454 3229 1489 3283 3
1525 3229 1588 3282 δε
1626 3239 1694 3289 >
1728 3247 1758 3283 z
1789 3233 1798 3296 Ι
1828 3231 1864 3284 4
1901 3232 2236 3303 δραγχματα
2269 3229 2342 3294 A,
2379 3230 2428 3283 si
2463 3229 2635 3299 primo
2667 3230 2780 3284 Ba-

570 3315 686 3372 beri
722 3314 985 3370 uolumini
1021 3315 1181 3380 fideS,
1239 3331 1365 3369 nam
1401 3315 1461 3369 in
1497 3319 1688 3386 quarto
1724 3318 2016 3390 δραχματα
2052 3316 2284 3386 profert.
2340 3319 2631 3389 δραχματα
2681 3319 2725 3371 Ε
2765 3318 2773 3388 Ι

566 3404 604 3459 4
640 3405 904 3478 δραγχμα
937 3401 1013 3468 A,
1050 3402 1098 3456 si
1132 3401 1303 3471 primo
1342 3401 1538 3458 Baberi
1570 3404 1834 3458 uolumini
1869 3403 2030 3467 fideS,
2068 3421 2195 3458 nam
2231 3404 2290 3458 in
2325 3406 2513 3474 quarto
2552 3405 2776 3476 δραχμα

567 3489 798 3560 profert.
836 3491 1046 3565 δραιμα
1081 3489 1126 3543 Ε
1156 3492 1167 3556 Ι
1196 3492 1232 3545 4
1268 3506 1429 3543 ειπον
1465 3505 1522 3542 cz
1554 3492 1563 3556 Ι
1594 3490 1630 3545 5
1667 3509 1810 3560 αυτῳ
1848 3501 1916 3551 >
1959 3493 1988 3544 t
2017 3491 2025 3560 Ι
2057 3493 2090 3547 5
2127 3510 2299 3544 αυτου
2336 3499 2403 3549 >
2439 3489 2517 3544 Az
2555 3488 2565 3558 Ι
2607 3491 2639 3544 5
2673 3497 2777 3558 βα-

570 3581 801 3632 σιλευων
837 3587 906 3637 >
941 3594 969 3629 z
1000 3576 1010 3646 Ι
1040 3577 1075 3632 5
1108 3579 1435 3644 βασιλευσης
1467 3579 1577 3630 emt
1608 3580 1617 3642 Ι
1648 3578 1681 3631 6
1717 3595 1980 3653 κυριευεις
2005 3577 2079 3641 Ε,
2114 3592 2401 3648 κυριευσης
2433 3579 2541 3630 emt
2569 3580 2578 3644 Ι
2611 3578 2642 3630 7
2677 3596 2775 3650 ρη-

567 3665 781 3737 ματων]
824 3667 1014 3734 λογων
1046 3662 1091 3716 Ε
1122 3663 1131 3732 Ι
1161 3662 1197 3716 8
1239 3663 1359 3716 ιδεν
1392 3662 1509 3727 ΑΕ,
1548 3681 1673 3717 eom:
1711 3680 1771 3727 a,
1813 3665 1963 3718 ειδεν
2003 3666 2091 3718 0t1
2121 3667 2130 3728 Ι
2161 3664 2195 3718 8
2230 3666 2354 3732 post
2391 3664 2536 3732 δε-Ι-
2563 3683 2654 3716 και
2691 3681 2719 3715 z
2764 3662 2773 3733 Ι

570 3751 605 3806 8
640 3770 773 3804 amo
809 3759 877 3809 >
910 3749 1046 3813 Εαΐῑ,
1087 3753 1231 3802 αυτῶ
1268 3766 1299 3803 z
1346 3749 1355 3818 Ι
1424 3751 1490 3807 10
1526 3757 1910 3818 ενυπνιασθην
1946 3750 2076 3805 Amt
2130 3750 2140 3821 Ι
2210 3754 2275 3806 11
2311 3753 2438 3804 ante
2478 3751 2672 3805 ενδεκα
2710 3751 2777 3817 -Ι-

570 3858 626 3893 οι
663 3853 731 3895 m.
756 3837 886 3907 [non
918 3837 969 3908 t]
1024 3839 1033 3903 Ι
1086 3839 1154 3893 11
1196 3852 1561 3908 επετειμησεν
1590 3835 1638 3890 A
1691 3835 1702 3903 Ι
1757 3840 1824 3894 12
1859 3857 2003 3907 αυτῳ
2042 3847 2110 3897 >
2143 3837 2191 3892 Α
2245 3839 2255 3905 Ι
2321 3837 2478 3908 12113
2514 3855 2778 3891 ενυπνια-

573 3931 732 3984 σθεις
764 3941 797 3978 z
814 3929 863 3989 ¹,
900 3943 935 3991 η
969 3923 1145 3993 prima
1180 3939 1344 3978 manu
1373 3939 1535 3992 super
1567 3939 1783 3978 uersum
1825 3925 1833 3993 Ι
1873 3924 1940 3979 13
1979 3927 2334 3995 ελευσωμεθα
2374 3943 2400 3977 z
2445 3926 2454 3992 Ι
2511 3925 2577 3981 15
2613 3944 2780 3978 αυτου

570 4012 801 4066 alterum
834 4020 903 4071 >
937 4027 967 4065 z
1011 4013 1021 4077 Ι
1064 4011 1129 4066 16
1170 4011 1487 4080 διετηρησεν
1518 4009 1658 4075 Aizl,
1695 4012 1936 4085 διετηρει
1971 4011 2016 4064 Ε
2058 4011 2068 4078 Ι
2112 4011 2176 4066 17
2215 4011 2314 4081 εις]
2351 4030 2409 4066 εν
2447 4029 2474 4064 z
2522 4013 2532 4080 Ι
2577 4011 2644 4067 18
2677 4031 2782 4082 ουχ

577 4097 676 4152 AD
714 4097 830 4169 [GR]
855 4096 957 4152 Εθῒ
985 4098 995 4165 Ι
1036 4096 1195 4166 18119
1225 4110 1641 4171 προσμενουσιν
1673 4115 1701 4149 z
1741 4096 1750 4166 Ι
1792 4096 1858 4152 19
1895 4116 1974 4157 εις
2008 4096 2254 4162 Eabcmt,
2291 4117 2350 4152 εν
2383 4097 2459 4150 Az
2491 4099 2500 4168 Ι
2533 4099 2600 4154 19
2635 4118 2780 4150 απο-

578 4188 751 4239 στελω
781 4187 892 4239 mtz
922 4185 930 4254 Ι
964 4183 1029 4240 19
1054 4201 1211 4238 ειπεν
1231 4181 1385 4238 AEt¹
1416 4184 1425 4251 Ι
1455 4183 1525 4237 20
1550 4203 1694 4253 αυτῳ
1723 4184 1892 4253 prius]
1933 4199 2115 4255 ιωσηφ
2145 4201 2176 4238 z
2205 4186 2214 4249 Ι
2245 4185 2315 4239 20
2337 4203 2495 4239 ειπεν
2517 4184 2730 4238 ΑΕ1111;1
2768 4185 2777 4255 Ι

578 4272 649 4328 20
682 4291 827 4341 αυτῳ
864 4271 1095 4326 alterum
1130 4279 1199 4330 >
1236 4272 1319 4323 mt
1361 4273 1371 4336 Ι
1412 4270 1565 4341 20121
1607 4311 1638 4333 ,,
1656 4270 1802 4325 schol
1839 4288 1938 4338 την
1977 4287 2194 4343 ειρηνην
2233 4290 2347 4324 των
2381 4273 2646 4344 αδελφων
2678 4288 2780 4326 σου

580 4377 673 4410 και
708 4375 807 4424 την
844 4375 1060 4430 ειρηνην
1092 4375 1201 4411 των
1235 4362 1652 4430 βοσκηματων“
1687 4357 1723 4411 b
1789 4358 1798 4426 Ι
1865 4357 1929 4411 21
1968 4376 2062 4409 και
2097 4357 2326 4412 alterum
2363 4368 2431 4418 >
2465 4376 2521 4422 z,
2585 4377 2634 4412 ει
2671 4358 2719 4413 Α
2770 4358 2778 4429 Ι

579 4443 645 4500 21
684 4446 1030 4513 απαγγειλαν
1062 4444 1113 4498 D
1154 4443 1269 4514 [GR]
1294 4459 1353 4497 cz
1417 4445 1426 4512 Ι
1490 4443 1560 4500 22
1600 4445 1825 4504 κιλαδος
1857 4446 1922 4498 ut
1955 4442 2170 4498 uidetur
2198 4461 2252 4498 m
2269 4485 2284 4509 ,
2337 4461 2479 4500 nunc
2515 4466 2572 4500 οι
2609 4446 2785 4500 colore
