3169 4941
1311 457 1539 515 Genesis
1574 461 1628 514 7.
1667 457 1720 513 8.
2555 453 2625 510 2⁷

336 638 363 685 1
398 624 622 687 τεινῶν
692 627 807 688 τοῦ
878 617 1149 710 οὐρανοῦ
1164 644 1179 660 ·
1264 619 1378 689 καὶ
1448 617 1838 710 ἐξηλίφησαν
1877 612 2036 707 ζᾶπὸ
2089 625 2208 708 τῆς
2271 623 2402 708 γῆς.
2513 614 2628 683 καὶ

398 721 805 813 κατελείφθη
863 723 1063 809 μόνος
1122 727 1273 791 Νῶε
1330 723 1440 791 καὶ
1496 719 1560 790 οἳ
1625 725 1760 809 μετ’
1821 723 2020 790 αὐτοῦ
2091 720 2158 789 ἐν
2216 726 2296 813 τῇ
2351 725 2627 807 κιβωτῷ.

574 827 589 849 ἱ
646 825 665 850 t
768 828 784 852 Ι
974 828 991 852 x
1049 827 1083 853 (Ἰ
1358 825 1811 852 {{{{{
1957 824 1977 848 (
2121 826 2137 849 ἱ
2393 821 2410 850 ,Ι

411 930 561 997 1καὶ
604 927 977 1022 ἀνεμνήσθη
1020 931 1057 1000 ὅ
1113 931 1277 1011 θεὸς
1318 937 1434 998 τοῦ
1477 938 1683 1014 Νῶε,-
1720 930 1834 997 καὶ
1877 930 2143 998 πάντων
2201 939 2334 998 τῶν
2378 925 2628 1016 θηρίων
2659 933 2706 1002 8

334 1052 365 1099 5
402 1035 514 1103 καὶ
556 1034 819 1102 πάντων
859 1044 989 1103 τῶν
1030 1047 1271 1126 κτηνῶν
1316 1035 1428 1103 καὶ
1477 1032 1742 1102 πάντων
1783 1043 1912 1102 τῶν
1955 1039 2268 1102 πετεινῶν
2312 1033 2420 1100 καὶ
2463 1031 2626 1098 πάν-

398 1163 527 1221 των
572 1143 698 1206 τῶν
738 1135 1031 1228 ἑρπετῶν
1088 1145 1217 1206 τῶν
1270 1136 1604 1229 ἑρπόντων
1617 1191 1633 1222 ,
1691 1137 1817 1207 ὅσα
1878 1133 1954 1230 ἦν
1994 1141 2134 1224 μετ’
2191 1131 2388 1205 αὐτοῦ
2440 1136 2507 1203 ἐν
2547 1137 2629 1225 τῇ

402 1249 690 1332 κιβωτῷ·
734 1243 845 1310 καὶ
890 1239 1211 1333 ἐπήγαγεν
1256 1240 1293 1311 6
1336 1243 1499 1322 θεὸς
1542 1251 1798 1330 πνεῦμα
1841 1243 1958 1311 ἐπὶ
2002 1242 2114 1332 τὴν
2154 1245 2293 1331 γῆν,
2340 1240 2450 1307 καὶ
2479 1234 2627 1307 ἐκό-

400 1369 577 1413 πασε
612 1346 691 1415 τὸ
732 1345 918 1435 ὕδωρ.
1015 1347 1166 1414 ΣΙκαὶ
1210 1343 1768 1438 ἑπεκαλύφθησαν
1814 1343 1884 1414 αἲ
1928 1345 2135 1436 πηγαὶ
2177 1353 2294 1435 τῆς
2337 1340 2626 1431 ἀβύσσου

399 1449 513 1517 καὶ
549 1475 613 1518 οι
660 1450 1101 1539 καταρράκται
1140 1459 1255 1520 τοῦ
1302 1445 1602 1540 οὗρανοῢ,
1649 1453 1762 1520 καὶ
1805 1451 2157 1541 συνεσχέθη
2198 1449 2239 1519 ὁ
2272 1448 2458 1529 ὑετὸς
2486 1441 2626 1518 ἄπο

299 1571 365 1618 10
397 1558 513 1620 τοῦ
564 1551 830 1642 οὐρανοῦ
848 1607 864 1638 ,
946 1557 973 1598 ³
991 1581 1108 1623 και
1160 1553 1447 1623 ἐνεδίδου
1502 1556 1581 1622 τὸ
1623 1554 1791 1644 ὕδωρ
1836 1549 2266 1643 πορευόμενον
2319 1546 2465 1620 απὸ
2509 1559 2626 1641 τῆς

398 1660 541 1745 γῆς·
610 1657 723 1726 καὶ
782 1651 1205 1748 ἦλαττονοῢτο
1257 1659 1334 1726 τὸ
1375 1658 1547 1748 ὕδωρ
1589 1659 1750 1744 μετὰ
1795 1657 2194 1748 πεντήκοντα
2242 1657 2352 1724 καὶ
2397 1653 2625 1724 εκατόν

396 1757 657 1849 ἡμέρας.
784 1763 938 1830 *καὶ
1005 1758 1321 1830 ἐκάθισεν
1393 1761 1434 1853 ἡ
1488 1762 1767 1849 κιβωτὸς
1840 1788 1910 1830 εν
1972 1760 2127 1851 μηνὶ
2190 1765 2285 1850 τῷ
2344 1756 2621 1848 ἑβδόμῳ,

399 1860 643 1955 ἕβδόμῃ
686 1866 800 1934 καὶ
845 1861 1060 1934 εἰκάδι
1098 1874 1213 1934 τοῦ
1247 1863 1448 1956 μηνός
1463 1919 1478 1949 ,
1534 1864 1651 1933 ἐπὶ
1698 1866 1781 1933 τὰ
1823 1863 1938 1956 ’όρη
1981 1865 2063 1931 τὰ
2110 1859 2413 1954 Ἀραράτ.
2505 1862 2622 1932 ὖτὸ

400 1968 474 2036 δὲ
525 1967 699 2059 ὕδωρ
755 1965 1180 2060 ἧλαττονοῦτο
1234 1968 1359 2050 ἕως
1410 1974 1525 2038 τοῦ
1597 1965 1870 2038 δεκάτου
1925 1968 2123 2060 μηνός
2140 1989 2155 2004 ·
2241 1967 2350 2034 καὶ
2404 1966 2471 2033 ἐν
2529 1975 2622 2056 τῷ

300 2095 364 2142 15
402 2072 649 2162 δεκάτῳ
690 2072 874 2164 μηνί,
916 2079 997 2166 τῇ
1037 2073 1266 2164 πρώτῃ
1309 2079 1422 2141 τοῦ
1456 2070 1687 2163 μηνός,
1732 2071 2058 2163 ὤφθησαν
2087 2069 2158 2139 αἱ
2188 2072 2467 2162 κεφαλαὶ
2497 2077 2625 2138 τῶν

352 2194 356 2198 ’
398 2172 619 2266 ὀρέων.
718 2182 746 2222 ⁶
761 2176 873 2246 ’καὶ
916 2177 1167 2266 ἐγένετο
1208 2178 1373 2265 μετὰ
1408 2174 1898 2268 τεσσαράκοντα
1939 2176 2182 2268 ἡμέρας
2211 2174 2444 2267 ἠνέῳξε
2473 2180 2624 2244 Νῶε

541 2395 574 2449 1
599 2369 961 2464 εξηλειφηᾶαν
981 2392 1017 2447 b
1053 2392 1220 2463 [quod
1242 2392 1571 2463 typographi
1606 2391 1773 2448 errori
1804 2390 1985 2447 deberi
2022 2390 2222 2460 potest]
2241 2430 2255 2456 ,
2294 2393 2623 2462 sennam-921-

402 2495 510 2533 σαν
566 2478 849 2545 Amnum,
922 2483 1339 2553 εξειληφθησαν
1380 2480 1426 2535 Ε
1480 2484 1489 2547 Ι
1543 2480 1578 2535 2
1627 2483 1949 2551 κατεληφθη
1999 2495 2056 2531 m
2122 2481 2131 2546 Ι
2193 2478 2230 2531 2
2285 2495 2467 2548 μονος
2517 2492 2623 2529 νωε
2717 2498 2728 2507 ·

403 2565 695 2633 AEabmrt,
756 2585 863 2621 νωε
895 2584 1073 2638 μονος
1102 2583 1162 2622 oz
1208 2567 1217 2635 Ι
1265 2568 1301 2623 3
1336 2584 1430 2621 επι
1468 2567 1796 2630 AEbcmrtz‚
1835 2583 1947 2619 απο
1985 2582 2020 2619 a
2047 2568 2058 2632 Ι
2089 2565 2123 2618 3
2161 2581 2370 2637 ημερας
2426 2580 2623 2616 suarm!

403 2669 738 2720 πεντηκοντα
773 2653 923 2707 Aabc
936 2694 949 2717 ‚
1012 2670 1353 2721 πεντηκοντα
1396 2672 1491 2707 και
1528 2671 1728 2708 εκατον
1766 2671 1971 2724 ημερας
2006 2653 2056 2707 D
2094 2651 2258 2721 [testo
2297 2647 2521 2720 Grabio]
2559 2648 2622 2712 E,

403 2754 739 2806 πεντηκοντα
778 2738 836 2809 [ν
869 2740 917 2809 r]
960 2757 1053 2792 και
1090 2758 1123 2813 ρ
1158 2757 1371 2809 ημερας
1420 2742 1551 2804 mrt,
1601 2757 1813 2811 ημερας
1855 2755 1922 2811 ρν
1957 2754 1986 2791 z
2035 2736 2046 2807 Ι
2090 2737 2129 2791 4
2163 2742 2490 2807 ανεμνησθη
2538 2733 2622 2798 bo,

404 2830 655 2894 εμνησθη
672 2824 770 2878 AD
786 2824 903 2895 [GR]
922 2824 1137 2879 Eamrizz
1169 2825 1178 2893 Ι
1210 2825 1243 2878 5
1268 2843 1361 2878 και
1394 2842 1626 2881 παντων
1647 2844 1760 2879 των
1784 2833 2138 2883 πετεινων>
2157 2839 2186 2876 1·
2215 2823 2224 2890 Ι
2255 2823 2343 2892 516
2363 2840 2458 2874 και
2476 2838 2622 2873 παν-

401 2928 511 2963 των
531 2930 641 2966 των
675 2928 923 2985 ερπετων
955 2920 1025 2970 >
1060 2911 1110 2964 D
1150 2910 1265 2981 [Gn]
1306 2910 1351 2964 Ε
1399 2911 1408 2981 Ι
1440 2912 1473 2965 6
1502 2929 1616 2966 των
1651 2928 1939 2986 ερποντων
1973 2919 2042 2970 >
2076 2909 2175 2962 ΑΙ)
2198 2909 2316 2980 [Gn]
2338 2908 2554 2962 Eamstz
2609 2906 2619 2979 Ι

402 2998 490 3064 fil?
514 3014 576 3049 εν
601 3016 667 3069 τῃ
695 3004 905 3067 κιβωτῳ
922 2996 1251 3061 AEabmrtz,
1290 3014 1368 3057 εις
1384 3016 1485 3064 την
1507 3004 1741 3064 κιβωτον
1759 3012 1788 3051 0
1817 2998 1827 3065 Ι
1859 2998 1890 3051 7
1913 3015 2015 3063 την
2038 3013 2146 3067 γην
2160 2995 2486 3058 AEabmrtz,
2529 3014 2624 3061 της

401 3103 505 3154 γης
535 3099 565 3138 ο
594 3083 604 3153 Ι
634 3082 725 3148 718
760 3099 1037 3137 εκοπασεν
1070 3082 1247 3138 AEort
1283 3083 1524 3153 [t2-=b]
1544 3123 1557 3136 .
1595 3085 1738 3138 teste
1772 3082 1808 3137 b
1844 3082 2043 3154 Aquila
2079 3086 2416 3149 εσταλησαν,
2467 3080 2622 3150 Sym-

400 3170 619 3224 machus
655 3172 978 3240 ελωφησαντ
1018 3170 1259 3239 sequitur
1296 3172 1582 3240 utrumque
1618 3170 1653 3224 8
1699 3188 1768 3222 τα
1801 3170 1977 3223 υδατα
2009 3170 2236 3224 uertisse
2285 3169 2293 3237 Ι
2346 3168 2381 3222 8
2419 3185 2621 3222 enexa-

402 3257 701 3327 λυφθνησαν
723 3255 945 3309 Ebemtz
961 3295 975 3319 ,
1014 3259 1490 3327 απεκαλυφθνησαν
1507 3255 1618 3310 Aar
1635 3295 1648 3308 .
1687 3255 1746 3308 in
1779 3255 2024 3323 margine
2047 3254 2084 3309 b
2119 3255 2190 3310 ad
2229 3258 2621 3325 επεκαλυφθη-

402 3354 532 3393 aava
585 3341 715 3405 „ita
762 3342 855 3397 LL
886 3340 1006 3397 UU.
1052 3341 1252 3412 Aquila
1302 3359 1727 3413 επεφραγησαν.
1783 3342 2142 3412 Hieronymus
2173 3340 2392 3395 uidet-ur
2422 3339 2623 3407 legisse

402 3430 881 3499 απεκαλυφθησαν
915 3430 979 3482 ut
998 3429 1255 3498 uulgata
1287 3426 1551 3498 quaedam
1574 3427 1839 3483 editiones
1851 3434 1884 3459 ‘⁴
1914 3430 1926 3498 Ι
1954 3428 1990 3481 9
2008 3446 2348 3501 καταράκται
2371 3425 2575 3479 AEortz
2611 3423 2619 3495 Ι

401 3514 523 3575 9110
574 3530 711 3583 quae
763 3514 907 3568 inter
962 3534 1057 3568 και
1108 3516 1335 3569 alterum
1370 3516 1405 3569 9
1458 3516 1514 3568 et
1566 3532 1814 3585 ουρανου
1858 3517 1926 3571 10
1984 3513 2162 3568 media
2197 3515 2355 3577 sunt,
2413 3523 2482 3573 >
2517 3528 2548 3565 ε
2607 3510 2618 3582 Ι

403 3601 555 3668 10111
594 3618 713 3654 ano
748 3619 844 3668 της
876 3610 1139 3671 γης>111
1187 3603 1197 3667 Ι
1252 3604 1321 3658 10
1356 3617 1469 3653 auo
1490 3598 1770 3665 AEabGrZ,
1808 3618 1902 3653 επι
1937 3603 1964 3655 t
1995 3602 2004 3669 Ι
2039 3599 2192 3671 losll
2237 3618 2354 3653 απο
2393 3618 2487 3666 της
2520 3618 2623 3669 γης

398 3703 791 3759 πορευομενον
823 3702 854 3741 r
914 3687 923 3756 Ι
982 3687 1044 3741 11
1095 3689 1222 3742 ante
1281 3706 1375 3739 και
1415 3686 1567 3756 prius
1607 3689 1673 3756 -Ι-
1711 3687 1972 3741 ενεδιδου
2007 3706 2074 3739 το
2111 3684 2355 3760 υδωρΔε
2395 3686 2463 3754 -Ι-
2500 3703 2618 3740 sve·—

399 3773 566 3826 διδου
611 3773 661 3826 D
698 3773 815 3843 [en]
863 3772 945 3826 E*
998 3773 1245 3841 [ενδιδου
1297 3772 1399 3842 ΕΙ]
1454 3775 1542 3837 at,
1591 3792 1684 3825 και
1735 3774 1990 3827 ενεδιδου
2033 3776 2099 3842 -Ι-
2138 3790 2192 3827 m
2257 3775 2266 3841 Ι
2347 3773 2411 3827 11
2459 3775 2620 3838 ηλατ-

394 3876 561 3912 τουτο
582 3874 641 3911 m
669 3860 679 3924 Ι
713 3861 779 3914 11
811 3878 879 3912 το
912 3860 1061 3934 υδωρ
1097 3868 1163 3917 >
1191 3858 1241 3913 A
1269 3859 1280 3928 Ι
1325 3860 1391 3914 11
1430 3876 1770 3925 πεντηκοντα
1813 3859 1866 3927 [ν
1902 3860 1950 3929 1¹]
1995 3878 2090 3913 και
2126 3878 2326 3913 εκατον
2364 3859 2416 3933 [ρ
2445 3860 2492 3927 r]
2519 3857 2619 3913 AD

400 3944 669 4014 [superest
699 3944 761 3999 in
806 3943 909 3999 hoe
952 3962 1093 4017 μετα
1128 3945 1317 4014 πεντη]
1368 3942 1577 4008 abmrt,
1640 3962 1837 3998 εκατον
1899 3963 2250 4012 πεντηκοντα
2302 3960 2333 3999 e
2349 3983 2362 4008 ,
2415 3962 2484 4017 ρν
2523 3962 2555 3997 z
2602 3943 2615 4015 Ι

398 4030 464 4083 12
499 4036 779 4098 εκαθησεν
808 4046 889 4095 m,
934 4036 1233 4085 εκαθεισεν
1267 4030 1317 4085 A
1362 4032 1371 4094 Ι
1426 4030 1493 4083 12
1530 4047 1670 4099 μηνι
1706 4049 1782 4099 τῳ
1821 4030 2052 4101 εβδομῳ
2094 4031 2146 4099 [ζ
2175 4030 2222 4100 r]
2263 4031 2313 4084 D
2353 4030 2621 4098 [superest

392 4134 533 4187 μηνι
583 4135 661 4169 τω
711 4117 831 4185 εβδ]
888 4115 1064 4179 Eabr,
1116 4135 1195 4169 τω
1248 4116 1469 4185 εβδομω
1522 4132 1658 4182 μηνι
1695 4128 1780 4177 oz,
1833 4134 1932 4167 τωι
1983 4117 2231 4186 εβδομωι
2282 4133 2420 4185 μηνι
2467 4118 2550 4169 mt
2605 4116 2612 4182 Ι

395 4200 464 4257 13
503 4203 719 4273 εβδομῃ
753 4211 823 4263 >
860 4202 905 4256 Ε
937 4205 947 4267 Ι
993 4202 1061 4256 13
1094 4200 1166 4255 ad
1206 4220 1425 4273 αραρατ
1461 4198 1786 4254 adscribitur
1821 4200 1880 4253 iu
1903 4201 2146 4269 margine
2169 4215 2198 4253 r
2233 4219 2363 4271 ορος
2398 4219 2618 4277 τετριμ-

390 4302 569 4359 μεων
606 4294 617 4349 Ι
661 4289 730 4344 14
763 4289 827 4342 δε
866 4298 934 4347 >
970 4304 1024 4351 c,
1072 4287 1273 4342 habent
1302 4285 1654 4342 ADEabmrhz
1697 4288 1706 4353 Ι
1749 4285 1819 4340 14
1851 4288 1976 4353 post
2021 4288 2170 4358 υδωρ
2205 4287 2273 4355 -Ι-
2310 4306 2618 4361 πορευομε-

388 4391 497 4427 νον
537 4372 639 4428 AD
694 4374 855 4442 [teste
898 4371 1116 4438 Gmbio,
1166 4389 1323 4444 quem
1361 4375 1507 4427 recte
1522 4371 1726 4428 uidisse
1768 4373 2038 4427 monstrat
2082 4373 2338 4444 spatium]
2383 4374 2574 4430 Eamrt
2605 4374 2614 4446 Ι

390 4461 458 4515 14
510 4462 875 4514 ελαιτονουτο
912 4460 963 4514 D
1028 4460 1039 4529 Ι
1104 4459 1173 4515 14
1220 4479 1318 4514 του
1356 4478 1538 4533 μηνος
1575 4478 1680 4514 του
1716 4460 1950 4513 δεκάτου
1984 4475 2015 4514 r
2077 4462 2087 4529 Ι
2155 4460 2222 4516 14
2259 4480 2354 4515 και
2390 4470 2458 4522 >
2491 4478 2552 4516 cz
2601 4461 2612 4533 Ι
