3169 4941
1549 441 1934 506 ..g-

966 625 1031 686 in
1069 626 1185 687 fine
1231 625 1564 689 uoluminis
1606 629 1760 690 haec
1803 629 2109 710 leguntur:

972 722 1280 805 Singulari
1319 725 1608 788 beneficio
1664 735 1726 788 et
1773 725 2150 788 humanitate
2196 723 2526 786 Consulum
2577 745 2650 787 ac
2694 733 2876 814 cete-⁸

799 839 1000 883 rorum
1046 821 1408 884 Senatorum
1470 825 1735 886 ciuitatis
1789 823 2198 897 Zittauiensis‚
2241 821 2527 884 Virorum
2579 823 2861 902 Magnifi-

796 937 1033 991 cornm,
1105 920 1468 996 Illustrium,
1547 923 2175 995 consultissimorum‚
2245 919 2858 1001 Sapientissimorum,

800 1015 1313 1081 Grauissimorum
1376 1027 1437 1079 et
1489 1021 2011 1095 Doctissimorum‚
2060 1020 2217 1081 hunc
2274 1019 2860 1099 praestantissimum

796 1114 1097 1189 Codicem‚
1140 1135 1179 1177 a
1222 1115 1456 1178 Graeco
1502 1120 1679 1181 docto
1727 1128 1789 1182 et
1831 1119 1982 1182 satis
2022 1118 2303 1199 diligente
2347 1128 2603 1178 exeunte
2641 1115 2858 1178 Seculo

796 1212 971 1282 XIV.
1050 1215 1361 1296 scriptum,
1407 1235 1696 1297 sponsore
1731 1217 2074 1298 Rudolph0‚
2121 1213 2438 1297 Gymnasii
2471 1214 2859 1276 Zittauiensis

792 1311 1106 1374 Directore
1147 1312 1297 1374 Viro
1344 1314 1790 1391 Eruditissimo,
1848 1335 1884 1378 a
1940 1333 2144 1376 mense
2185 1311 2436 1376 Octobri
2493 1312 2634 1374 anni
2677 1311 2855 1376 1801.

798 1411 877 1471 ad
919 1409 1180 1472 medium
1220 1411 1454 1474 Maium
1506 1413 1687 1478 1802.
1781 1413 1942 1476 domi
1987 1410 2158 1476 meae
2203 1410 2408 1484 habui,
2461 1429 2713 1490 eumque
2757 1420 2856 1473 to-

793 1515 920 1569 tum
984 1508 1343 1572 examinaui.
1445 1512 1674 1574 Variae
1733 1511 2020 1574 lectiones
2072 1509 2152 1575 V.
2207 1510 2372 1571 Test.
2425 1511 2857 1590 comparebunt

796 1605 857 1666 in
907 1606 1167 1668 editione
1210 1606 1542 1671 Oxoniensi
1572 1609 1828 1671 Roberti
1851 1609 2128 1671 Holmes:
2172 1607 2247 1668 N.
2281 1608 2446 1670 Test.
2481 1617 2684 1670 autem
2720 1628 2857 1670 mea

797 1723 941 1765 cura
982 1705 1306 1785 aliquando
1346 1707 1689 1789 prodibunt.
1775 1709 1870 1769 De
1912 1714 2086 1769 textu
2127 1709 2245 1766 τῶν
2290 1705 2321 1767 ό
2364 1706 2615 1768 Holmes
2652 1705 2856 1786 Aprili

793 1800 938 1863 XII.
984 1805 1126 1865 anni
1176 1804 1356 1869 1802.
1445 1803 1682 1867 Oxonio
1725 1805 1813 1867 ita
1860 1807 2076 1866 ad·me
2119 1803 2386 1884 scripsit:
2460 1804 2855 1866 “Zittauiensi

794 1918 1039 1978 prorsus
1084 1902 1299 1964 similis
1326 1902 1535 1965 Codex
1572 1911 1852 1966 seruatur
1885 1903 1949 1964 in
1992 1901 2360 1963 bibliotheca
2389 1902 2853 1964 Carmelitarum

798 1997 1093 2060 Ferrarae
1128 2000 1189 2062 in
1228 2001 1468 2063 Italia“.
1528 2003 1699 2063 Haec
1740 1999 2062 2063 memoriae
2106 2009 2166 2061 et
2209 1999 2365 2080 grati
2411 2000 2595 2062 animi
2637 2019 2855 2062 caussa

788 2094 993 2174 palam
1017 2097 1113 2159 hic
1135 2099 1517 2160 testificanda
1537 2097 1755 2160 censui.
1801 2096 2230 2178 Vitembergae
2250 2098 2307 2159 d.
2333 2099 2473 2160 VH.
2495 2099 2641 2160 Mai.
2671 2098 2850 2163 1802.

791 2191 1173 2257 Christianus
1220 2196 1559 2258 Fridericus
1616 2194 1920 2257 Matthaei
1974 2194 2288 2257 Professor
2339 2195 2854 2278 Vitembergensis

790 2298 852 2350 et
889 2291 1295 2373 collegiorum
1337 2294 1750 2376 Imperialium
1796 2292 2186 2356 Rossicorum
2223 2293 2533 2357 Assessor.

876 2488 1111 2550 codices
1160 2489 1386 2552 contuli
1425 2510 1608 2571 quam
1653 2490 2126 2553 adcuratissime.
2193 2489 2320 2552 iota
2359 2492 2458 2554 uel
2484 2492 2855 2573 adscriptum

621 2585 719 2647 uel
765 2586 1171 2666 subscriptum
1213 2588 1522 2663 omissum,
1566 2589 1670 2651 ubi
1713 2587 1858 2667 poni
1899 2588 2177 2661 debebat,
2224 2590 2526 2668 praeterii,
2571 2590 2852 2671 positum,

620 2682 725 2745 ubi
768 2702 890 2746 non
932 2685 1311 2748 scribendum
1358 2695 1511 2759 erat,
1556 2685 1780 2747 notaui.
1867 2684 1997 2745 fieri
2036 2695 2240 2746 tamen
2295 2696 2498 2766 potest
2552 2698 2622 2751 ut
2659 2689 2722 2749 in
2765 2691 2854 2770 τῷ

622 2778 935 2864 ἀνθρώπῳ
988 2782 1315 2859 similibus,
1376 2783 1429 2845 si
1489 2803 1520 2845 e
1584 2783 1856 2865 pluribus
1906 2782 2074 2844 libris
2115 2785 2487 2863 oproferenda
2546 2787 2851 2860 haberem,

624 2898 778 2958 quae
816 2878 915 2941 hic
952 2900 1037 2939 τω
1084 2879 1417 2961 ανῦρωπω,
1457 2880 1561 2942 ille
1604 2885 1713 2940 τῶι
1755 2879 2112 2961 ἀνθρώπωι,
2152 2882 2366 2944 tertius
2412 2885 2499 2965 τῷ
2543 2884 2854 2968 ἀνθρώπῳ

628 2976 856 3050 scribit,
901 2997 1034 3039 cum
1072 2997 1277 3039 omnes
1317 2978 1478 3040 idem
1505 2978 1768 3041 uoluisse
1804 2988 2058 3052 constet,
2104 2979 2469 3062 singulorum
2493 2982 2853 3063 scripturam

624 3074 839 3137 uolens
876 3075 1290 3155 praeterierim
1334 3085 1413 3151 et,
1478 3086 1547 3139 ut
1586 3077 1702 3139 hoc
1742 3084 1897 3151 utar,
1965 3079 2045 3138 ad
2092 3099 2176 3159 τῳ
2222 3077 2529 3162 ανθρωπῳ
2576 3082 2693 3143 Em
2740 3082 2854 3142 ad-

625 3171 900 3245 diderim,
965 3172 1107 3236 licet
1161 3175 1215 3235 E
1263 3174 1392 3236 iota
1443 3194 1558 3236 non
1615 3175 1859 3249 habeat,
1915 3195 1974 3237 m
2022 3176 2249 3239 habeat
2304 3178 2689 3259 adscriptum.
2774 3181 2854 3241 ad

626 3268 1125 3349 interpunctionis
1170 3291 1322 3351 quae
1356 3272 1574 3335 dicitur
1617 3271 2082 3354 discrepantiam
2118 3294 2253 3337 raro
2295 3285 2530 3339 tantum
2565 3278 2628 3339 in
2665 3278 2853 3339 tantis

621 3366 911 3447 temporis
955 3369 1246 3448 angustiis
1307 3370 1573 3432 animum
1617 3372 1931 3433 aduertere
1985 3381 2280 3453 poteram,
2324 3394 2518 3455 neque
2567 3394 2846 3455 magnum

622 3467 907 3528 damnum
948 3464 1064 3526 hac
1108 3486 1172 3527 re
1216 3466 1461 3528 lecturis
1511 3467 1864 3530 crediderim
1905 3468 2158 3532 inlatum
2203 3490 2352 3533 esse.

784 3560 1214 3643 Schleusingae
1257 3566 1637 3627 Franconum
1677 3566 1773 3629 die
1813 3567 1943 3629 XV
1986 3568 2219 3649 Aprilis
2267 3569 2446 3634 1868.

2311 3854 2677 3940 Lagarde.
