3169 4941
2516 441 2589 508 ⁴19

296 622 323 676 1
361 606 698 694 ueniebant
765 606 845 690 ad
891 603 1240 692 potandum
1296 607 1518 678 contra
1589 625 1818 690 pecora
1836 655 1851 686 ‚
1922 610 1998 673 ut
2050 609 2453 695 conciperent
2509 631 2587 683 00

360 712 678 795 tempore,
726 729 874 776 cum
928 711 1215 779 uenirent
1259 708 1345 778 ad
1383 710 1791 794 potandum.

535 817 617 878 Et
662 818 1060 922 concipiebant
1093 837 1277 902 pecor
1278 837 1316 878 a
1359 819 1562 878 contra
1608 779 1847 924 αἰψ’-9001
1864 819 2038 880 Iacob
2055 813 2102 939 ,1
2141 823 2388 901 uirque,
2436 839 2587 900 quas

357 925 638 1003 posuerat
683 941 786 982 cor
785 941 884 982 am
915 922 1231 1002 pecoribus
1274 923 1338 982 in
1383 921 1699 982 canalibus
1744 919 1823 982 ad
1841 900 2312 1004 'concipiendum
2356 926 2421 984 in
2466 926 2589 986 eis:

297 1040 329 1092 5
365 1028 421 1086 et
463 1027 525 1085 in
570 1027 850 1087 serotinis
891 1026 1109 1088 ouibus
1137 1045 1251 1086 non
1272 1026 1559 1106 ponebat.
1629 1029 1686 1086 et
1711 1024 1943 1105 fiebant
1988 1031 2249 1090 serotina
2280 1027 2487 1090 Laban
2534 1032 2590 1091 et

360 1131 734 1212 temporanea
763 1129 953 1190 Iacob.
1026 1127 1146 1190 hoc
1192 1125 1254 1190 in
1289 1127 1460 1191 LXX
1488 1126 1938 1211 interpretibus
1978 1147 2102 1194 non
2146 1129 2433 1206 habetur,
2468 1130 2589 1196 sed

360 1250 474 1315 pro
501 1231 792 1296 serotinis
831 1233 896 1296 et
933 1229 1356 1314 temporaneis
1415 1230 1583 1297 aliud
1630 1231 1838 1297 nescio
1892 1233 2069 1316 quid,
2114 1234 2279 1316 quod
2326 1232 2406 1298 ad
2441 1253 2587 1300 sen-

363 1351 502 1398 sum
543 1352 669 1398 non
712 1335 1019 1416 pertinet,
1067 1332 1546 1398 transtulerunt.
1621 1336 1781 1418 quod
1824 1336 2040 1401 autem
2070 1335 2224 1401 dicit
2254 1337 2585 1420 scriptura,

361 1438 480 1502 hoc
528 1439 655 1505 est:
713 1437 903 1502 Iacob
946 1436 1221 1521 prudens
1267 1439 1332 1502 et
1376 1436 1643 1502 callidus
1660 1487 1675 1517 ‚
1734 1439 2046 1505 iustitiam
2090 1443 2157 1506 et
2201 1441 2587 1523 aequitatem

263 1557 331 1613 10
367 1540 560 1606 etiam
603 1540 669 1604 in
693 1559 859 1605 noua
907 1543 1044 1606 arte
1073 1540 1382 1616 seruabat.
1443 1540 1695 1606 sienim
1738 1559 1952 1607 omnes
1998 1561 2196 1626 agnos
2240 1545 2307 1607 01
2349 1543 2585 1608 110οᾶ00

366 1644 574 1709 uarios
616 1662 848 1727 pecora
908 1645 1375 1726 procreassent,
1451 1646 1589 1709 erat
1661 1644 1875 1728 aliqua
1940 1645 2217 1728 suspicio
2278 1645 2442 1725 doli,
2520 1649 2586 1712 et

369 1750 582 1832 aperte
626 1747 772 1812 111110
830 1748 923 1811 101
966 1746 1180 1812 Laban
1239 1747 1490 1812 inuidus
1551 1750 1944 1814 contraisset.
2050 1769 2197 1832 ergo
2243 1750 2335 1816 ita
2379 1751 2589 1816 omnia

367 1851 778 1935 temperauit‚
822 1853 985 1916 utet
1026 1851 1160 1935 ipse
1197 1851 1473 1916 fructum
1510 1853 1609 1916 sui
1654 1851 1887 1918 laboris
1927 1853 2239 1936 acciperet
2274 1855 2340 1918 et
2367 1855 2585 1920 Laban

367 1975 492 2021 non
550 1955 800 2039 penitus
861 1955 1252 2040 spoliaretur.
1367 1956 1422 2020 si
1477 1954 1723 2039 quando
1783 1975 1933 2022 oues
1991 1957 2057 2021 et
2111 1975 2335 2040 caprae
2383 1958 2586 2042 primo

267 2080 334 2132 15
371 2063 652 2143 tempore
696 2059 1222 2137 ascendebantur,
1281 2058 1428 2142 quia
1469 2059 1689 2125 melior
1730 2079 1961 2125 uernus
2002 2062 2099 2126 est
2140 2061 2379 2141 foetus,
2441 2064 2588 2127 ante

365 2164 532 2246 ipsas
566 2164 843 2246 ponebat
884 2165 1116 2247 uirgas,
1160 2166 1234 2229 ut
1268 2163 1447 2229 uaria
1491 2163 1738 2228 soboles
1781 2164 2161 2230 nasceretur.
2252 2184 2589 2248 quaecum-

369 2287 488 2349 que
559 2268 772 2331 autem
827 2285 976 2332 oues
1036 2268 1101 2331 et
1157 2285 1381 2351 caprae
1441 2285 1578 2332 sero
1636 2266 2018 2350 quaerebant
2078 2286 2351 2345 marem,
2442 2271 2589 2334 01110

366 2371 594 2436 harum
640 2371 854 2436 oculos
901 2390 1026 2434 non
1080 2371 1382 2454 ponebat,
1440 2372 1513 2435 ut
1564 2371 1751 2434 unius
1806 2369 2037 2436 coloris
2095 2389 2323 2457 pecora
2368 2391 2589 2438 nasce-

368 2476 602 2541 rentur.
693 2477 759 2540 et
803 2475 1099 2557 quicquid
1156 2476 1432 2558 primum
1491 2475 1903 2553 nascebatur,
1972 2494 2156 2539 suum
2214 2478 2385 2554 erat,
2443 2477 2589 2559 quia

268 2597 338 2651 20
375 2579 644 2644 discolor
701 2581 767 2645 et
823 2579 1074 2644 uarium
1135 2582 1304 2657 erat,
1367 2577 1662 2663 quicquid
1724 2581 1943 2661 postea
1960 2628 1975 2657 ,
2052 2579 2285 2645 Laban.
2402 2581 2588 2646 unius

371 2684 539 2748 enim
597 2685 732 2747 tam
789 2684 856 2747 in
918 2683 1100 2767 nigro
1161 2702 1353 2766 quam
1409 2683 1474 2747 in
1524 2682 1665 2747 albo
1715 2682 1942 2747 coloris
1999 2700 2191 2767 pecus
2251 2685 2589 2751 oriebatur.

367 2786 432 2851 in
481 2805 554 2851 eo
603 2789 814 2852 autem
859 2785 1027 2865 1000,
1092 2787 1203 2853 ubi
1249 2787 1556 2871 scriptum
1603 2787 1700 2851 est
1745 2792 1811 2850 ut
1858 2791 2223 2871 conciperent
2266 2793 2331 2851 in
2372 2793 2589 2872 uiryis,

371 2893 436 2956 et
480 2890 547 2954 in
575 2890 845 2956 hebraeo
891 2890 1085 2956 habet
1129 2894 1531 2969 iaeahamena‚
1577 2890 1711 2954 uim
1756 2890 1935 2955 uerbi
1971 2889 2251 2956 hebraici
2297 2891 2419 2955 nisi
2452 2892 2591 2957 cir-

301 3048 304 3053 .
373 2994 549 3059 cuitu
595 2995 940 3079 exprimere
987 3014 1112 3059 non
1157 3012 1432 3078 possum.
1552 2996 1937 3059 iaeahamena
1984 2995 2153 3059 enim
2198 2996 2445 3079 proprie
2495 2996 2591 3060 di-

267 3120 338 3173 25
376 3098 537 3163 citur
585 3100 900 3164 extremus
955 3099 1024 3162 in
1069 3099 1240 3163 coitu
1287 3098 1483 3176 calor,
1551 3117 1673 3179 quo
1722 3116 1947 3181 corpus
1994 3116 2175 3163 omne
2237 3098 2593 3165 concutitur

375 3203 439 3265 et
482 3202 758 3283 patranti
806 3202 1198 3283 uoluptatem
1241 3202 1486 3267 uicinus
1535 3203 1634 3265 est
1677 3200 1839 3267 finis,
2224 3190 2269 3235 ⁸

547 3307 629 3367 Et
671 3310 854 3389 pater
897 3310 1096 3368 uester
1139 3309 1419 3369 mentitus
1477 3309 1562 3367 est
1622 3309 1777 3367 mihi
1830 3310 1887 3369 et
1946 3310 2209 3369 mutauit
2266 3307 2591 3371 mercedem

371 3430 566 3471 meam
610 3409 806 3481 decem
865 3410 1127 3486 uicibuS,
1189 3413 1245 3471 et
1286 3430 1400 3472 non
1459 3409 1623 3471 dedit
1690 3413 1752 3471 ei
1807 3410 1954 3471 deus
2012 3416 2078 3472 ut
2136 3417 2366 3473 noceret
2426 3414 2595 3475 mihi.

373 3516 434 3575 si
475 3513 703 3575 dixerit
747 3513 885 3574 Hoc
929 3516 1175 3575 uarium
1216 3533 1398 3595 pecus
1441 3515 1558 3574 erit
1602 3532 1826 3575 merces
1870 3517 1975 3575 tua
1990 3516 2045 3585 “‚
2111 3518 2385 3575 nascetur
2426 3536 2597 3578 omne

271 3639 344 3693 30
364 3637 554 3701 pecus
597 3621 860 3680 uarium.
963 3621 1020 3679 et
1061 3620 1121 3678 ei
1172 3617 1400 3679 dixerit
1458 3615 1647 3678 Unius
1703 3618 1922 3679 coloris
1981 3619 2097 3679 erit
2153 3638 2377 3680 merces
2434 3621 2595 3694 tua“,

373 3725 648 3783 nascetur
693 3742 858 3783 omne
907 3741 1093 3803 pecus
1148 3723 1328 3782 unius
1371 3720 1607 3782 coloris.
1699 3736 1811 3801 pro
1859 3736 1961 3795 ee,
2009 3718 2174 3801 quod
2221 3737 2333 3783 nos
2378 3721 2592 3800 posui-

375 3843 517 3888 mus
564 3828 825 3887 mutauit
867 3824 1196 3886 mercedem
1240 3844 1432 3886 meam
1479 3822 1676 3883 decem
1716 3825 1972 3900 uicibuS,
2019 3822 2186 3886 LXX
2211 3823 2590 3905 interpretes

378 3927 722 4010 posuerunt
757 3929 952 3990 decem
999 3930 1199 4009 aquis,
1247 3925 1458 3990 nescio
1505 3943 1630 4007 qua
1677 3924 1962 4007 opinione
2008 3923 2213 4003 ducti,
2252 3944 2406 4027 cum
2450 3944 2595 3990 1101·-

521 4075 556 4128 3
593 4073 706 4124 Gen
743 4073 830 4137 30,
867 4074 932 4127 41
972 4073 1042 4127 42
1073 4075 1081 4141 1
1112 4072 1181 4126 27
1219 4074 1328 4124 Gen
1359 4072 1445 4137 31,
1484 4072 1514 4125 7
1551 4070 1587 4123 8

519 4204 556 4257 4
587 4204 886 4269 peccoribus
922 4221 976 4271 y,
1014 4219 1225 4270 peccore
1261 4221 1306 4273 φ
1357 4201 1469 4271 [qui
1493 4206 1779 4266 plerumque
1816 4217 1998 4266 peceus
2036 4200 2231 4270 scribit]
2264 4202 2272 4270 Ι
2304 4203 2337 4256 9
2374 4204 2597 4268 aequali-

379 4294 538 4341 tatem
575 4309 620 4360 q·
697 4290 704 4356 Ι
775 4289 842 4343 14
883 4290 1254 4355 exspoliaretur
1289 4307 1336 4360 φ
1397 4289 1406 4356 Ι
1473 4288 1540 4343 16
1579 4289 1783 4339 suboles
1817 4307 1863 4358 φ
1924 4288 1932 4356 j
2001 4288 2065 4342 19
2104 4287 2174 4341 20
2210 4290 2453 4356 quidquid
2488 4308 2534 4361 φ
2584 4288 2593 4359 Q

381 4374 452 4430 23
485 4380 538 4425 et
575 4380 642 4431 >
677 4380 752 4443 βγ
783 4374 792 4443 Ι
823 4376 892 4428 23
927 4376 1156 4427 1001110110
1187 4394 1230 4445 φ
1263 4374 1270 4442 Ι
1302 4374 1370 4429 24
1403 4374 1648 4426 Jaamena
1684 4392 1729 4443 φ
1761 4374 1769 4443 Ι
1801 4372 1869 4429 26
1902 4375 2158 4439 uoluptati
2190 4380 2309 4444 βγφ

2147 4460 2182 4517 4

2746 841 2803 893 ὓ·
2835 838 2969 912 dxl.
