3169 4941
543 421 614 477 56

547 602 692 649 cum
737 583 1022 650 Chebron
1077 582 1140 647 in
1187 585 1400 649 monte
1451 582 1574 650 sita
1618 583 1720 649 sit.
1823 582 2042 650 eadem
2086 585 2293 649 autem
2342 582 2565 649 ciuitas
2615 582 2763 649 dici-
2800 596 2830 652 1

543 689 650 753 tur
699 690 764 753 et
803 688 1118 767 Mambre,
1167 688 1246 753 ab
1289 688 1492 753 amico
1521 688 1816 755 Abrahae
1860 688 1955 754 ita
1996 688 2343 771 antiquitus
2386 688 2719 773 appellata

717 794 800 855 Et
830 797 1068 876 peperit
1081 792 1224 855 Ada
1272 795 1441 857 Esau
1481 793 1708 874 Elifaz.
1796 792 1917 857 iste
1968 794 2067 858 est
2108 792 2309 858 Elifaz
2324 842 2339 871 ,
2388 793 2565 858 cuius
2606 794 2763 858 scri-

545 897 732 977 ptura
774 896 840 959 in
883 895 996 960 Iob
1041 893 1360 961 uolumine
1405 896 1787 965 recordatur.

723 1001 840 1063 Isti
860 1000 1001 1081 filii
1037 1002 1236 1077 Esau,
1281 1006 1338 1064 et
1377 1003 1488 1064 isti
1514 1004 1827 1084 pn‘ncipes
1866 1022 2104 1063 eorum:
2142 1004 2269 1083 ipsc
2310 1006 2397 1065 cst
2440 1001 2668 1065 Edem:
2712 1004 2769 1064 et
2802 1006 2837 1061 5

544 1104 616 1165 Ιιί
636 1103 779 1183 filii
817 1102 968 1167 Seir.
1055 1103 1228 1168 Esau
1271 1104 1336 1167 et
1372 1102 1576 1169 Edom
1622 1105 1686 1169 et
1730 1102 1865 1169 Scir
1912 1104 2099 1170 unius
2142 1122 2373 1168 nomen
2420 1105 2517 1169 est
2559 1104 2764 1169 homi-

545 1204 646 1271 nis
659 1252 676 1283 ,
723 1205 789 1269 et
831 1223 1022 1288 quare
1065 1206 1239 1271 uarie
1283 1208 1679 1289 nuncupetur
1693 1256 1708 1285 ,
1756 1226 1943 1289 supra
1990 1205 2228 1271 dictum
2272 1208 2387 1273 est.

734 1306 916 1387 Quod
975 1311 1192 1375 autem
1251 1310 1534 1393 sequitur
1592 1316 1649 1374 et
1690 1312 1983 1375 Ckorraei
2032 1313 2367 1374 habitantes
2421 1316 2649 1376 terram
2703 1315 2767 1378 et

539 1410 788 1505 reliqua
805 1463 820 1491 ,
877 1415 1213 1498 postquam
1261 1414 1655 1479 enumerauit
1709 1414 1873 1480 filios
1916 1415 2115 1491 Esau,
2178 1413 2367 1481 altius
2412 1416 2645 1499 repetit
2700 1416 2767 1481 et

549 1516 824 1601 exponit,
887 1518 994 1600 qui
1037 1518 1182 1583 ante
1225 1518 1394 1585 Esau
1437 1518 1504 1583 in
1547 1518 1752 1583 Edom
1794 1519 1967 1583 terra
2026 1518 2339 1602 principes
2396 1518 2633 1585 fuerint
2692 1538 2767 1584 ex
2805 1529 2873 1581 10

545 1638 776 1703 genere
839 1620 1296 1687 chorraeorum
1314 1671 1329 1700 ‚
1403 1621 1510 1706 qui
1569 1622 1637 1685 in
1712 1622 1933 1707 lingua
2000 1624 2243 1687 nostra.
2272 1621 2766 1707 interpretantur

545 1722 744 1789 liberi.
848 1724 1134 1809 legamus
1181 1724 1518 1809 diligenter
1561 1726 2154 1805 Deuteronomium,
2204 1725 2317 1791 ubi
2371 1726 2765 1793 manifestius

547 1826 842 1892 scribitur
888 1846 1012 1911 quo
1054 1828 1241 1893 modo
1286 1828 1580 1895 uenerint
1625 1828 1742 1893 filii
1781 1829 1951 1895 Esau
1994 1833 2061 1895 et
2096 1829 2527 1896 interfecerint
2568 1831 2764 1897 Chor-

546 1949 728 1996 13333
769 1951 844 1996 ac
887 1933 1122 1997 terram
1157 1952 1376 1999 eorum
1420 1933 1773 1999 hereditate
1819 1933 2230 2018 possederint.

720 2038 804 2099 Et
839 2036 1104 2117 fuerunt
1141 2038 1284 2118 filei
1323 2040 1516 2101 Lotan
1559 2039 1759 2101 Borri
1796 2044 1853 2102 et
1900 2039 2185 2117 Omman,
2238 2042 2297 2102 et
2350 2060 2523 2104 soror
2572 2040 2767 2104 Lotan
2804 2039 2871 2093 15

557 2142 834 2203 Thomna.
880 2140 1038 2204 haec
1070 2141 1168 2205 est
1197 2142 1498 2219 Themna,
1547 2140 1623 2206 de
1654 2160 1780 2225 qua
1808 2160 1995 2227 supra
2025 2141 2282 2206 dictum
2299 2143 2395 2207 est
2424 2147 2481 2205 et
2504 2146 2765 2207 Thomna

545 2247 676 2305 erat
727 2247 1045 2308 concubina
1088 2246 1298 2327 Elzfaz
1337 2246 1478 2327 filii
1515 2251 1917 2330 primogeniti
1954 2250 2123 2309 Esau
2141 2296 2159 2325 ‚
2200 2250 2258 2311 et
2298 2268 2377 2310 ex
2417 2250 2551 2331 ipsa
2592 2252 2767 2311 natus

483 2350 505 2369 ‘¹
548 2350 635 2409 est
695 2345 961 2410 Amalec.
1092 2346 1328 2413 idcirco
1397 2351 1611 2415 autem
1688 2348 2145 2415 chorraeorum
2207 2348 2573 2415 recordatus
2648 2352 2763 2432 est,

549 2448 695 2532 quia
738 2449 1192 2535 primogenitus
1233 2451 1508 2518 filiorum
1556 2454 1727 2519 Esau
1772 2473 1847 2518 ex
1891 2452 2139 2519 filiabus
2183 2472 2401 2519 eorum
2438 2458 2765 2538 acceperat

547 2554 977 2620 concubinam.
1069 2555 1232 2640 quod
1295 2559 1510 2622 autem
1567 2556 1793 2623 dicitur
1850 2561 2111 2622 Theman
2154 2563 2211 2622 ct
2256 2559 2441 2622 Cenez
2482 2563 2539 2623 et
2568 2559 2763 2624 Ama·
2801 2561 2875 2616 20

545 2659 636 2721 leo
681 2658 747 2722 et
791 2657 1061 2743 reliqua,
1105 2659 1378 2726 sciamus
1422 2662 1643 2746 postea
1692 2661 2049 2745 regionibus
2078 2661 2520 2728 Idumaeorum
2563 2681 2638 2728 ex
2665 2662 2764 2728 1113

548 2759 860 2826 uocabula
901 2761 1194 2845 inposita.

718 2868 854 2950 Ipse
895 2872 986 2930 est
1024 2867 1164 2930 Ana
1178 2918 1195 2946 ,
1238 2873 1347 2952 qui
1383 2872 1615 2932 inuenit
1657 2871 1853 2932 Iamin
1898 2872 1962 2931 in
2001 2869 2231 2932 deserto
2247 2919 2264 2947 ,
2321 2891 2455 2933 cum
2491 2875 2765 2954 paueret

413 2993 426 3004 ·
547 2975 746 3034 asinos
788 2971 1007 3034 Sebeon
1038 2977 1246 3056 patris
1287 2977 1402 3034 sui.
1517 2971 1722 3038 multa
1767 2974 1833 3038 et
1887 2970 2063 3036 uaria
2112 2971 2277 3056 apud
2320 2973 2643 3038 Hebraeos
2689 2969 2764 3036 de

545 3074 664 3138 hoc
722 3073 996 3157 capitulo
1057 3073 1487 3157 disputantur,
1531 3075 1730 3160 ‘apud
1782 3073 2057 3140 Graecos
2116 3074 2341 3159 quippe
2398 3076 2463 3140 et
2516 3077 2765 3140 nostros
2804 3081 2877 3135 25

547 3196 732 3259 super
786 3176 906 3242 hoc
961 3177 1282 3242 silentium
1344 3180 1457 3244 est.
1578 3178 1687 3245 alii
1743 3180 1971 3262 putant
2025 3183 2235 3243 iamim
2292 3179 2495 3244 maria
2551 3178 2765 3263 appel-

543 3278 707 3344 lata:
771 3278 973 3345 isdem
1033 3281 1199 3345 enim
1257 3280 1460 3346 literis
1503 3282 1863 3346 scribuntur
1902 3281 2134 3360 maria,
2212 3282 2435 3365 quibus
2490 3283 2557 3345 et
2600 3299 2768 3345 nunc

545 3383 650 3448 hic
708 3403 910 3450 sermo
969 3385 1318 3470 descriptus
1375 3388 1488 3450 est.
1610 3388 1675 3450 et
1732 3385 1957 3450 uolunt
2032 3385 2217 3451 illum
2234 3436 2248 3464 ‚
2342 3385 2493 3450 dum
2563 3385 2770 3469 pascit

548 3486 757 3554 asinos
803 3489 1002 3573 patris
1047 3489 1146 3553 sui
1188 3489 1254 3553 in
1301 3489 1548 3554 deserto
1567 3536 1584 3565 ,
1633 3508 1935 3572 aquarum
1964 3489 2503 3574 congregationes
2547 3507 2767 3573 reppe-

545 3591 736 3669 risse,
817 3611 975 3676 quae
1045 3592 1220 3657 iuxta
1276 3592 1510 3658 idioma
1577 3592 1833 3676 linguae
1878 3592 2207 3659 hebraicae
2262 3584 2465 3658 1113113
2522 3611 2769 3657 111111311-
2804 3600 2879 3652 30

543 3697 812 3779 pantur:
859 3694 1024 3780 quod
1065 3695 1310 3761 scilicet
1353 3695 1652 3781 stagnum
1695 3696 2045 3794 reppererit
2060 3745 2077 3776 ,
2130 3697 2305 3762 cuius
2346 3695 2439 3762 rei
2486 3693 2769 3761 inuentio

687 3873 722 3926 3
759 3875 870 3924 Gen
905 3873 991 3935 36,
1027 3873 1063 3926 4
1092 3871 1100 3938 Ι
1131 3873 1165 3926 5
1204 3874 1312 3924 Gen
1350 3874 1435 3937 36,
1471 3874 1535 3927 19
1568 3873 1576 3940 Ι
1608 3873 1643 3926 8
1683 3875 1791 3925 Gen
1824 3873 1909 3935 36,
1951 3873 2019 3927 20
2052 3873 2061 3940 Ι
2096 3873 2162 3926 12
2192 3875 2327 3925 Deut
2350 3876 2402 3938 2,
2425 3874 2494 3928 22
2525 3873 2535 3938 Ι
2569 3873 2635 3926 15
2660 3874 2770 3940 Gen

545 3957 630 4022 36,
668 3961 738 4014 22
770 3959 776 4026 Ι
812 3959 878 4012 16
915 3962 1024 4010 Gen
1062 3960 1146 4021 36,
1187 3960 1254 4013 12
1285 3961 1294 4027 Ι
1324 3962 1396 4014 20
1435 3963 1545 4011 6311
1583 3960 1669 4023 36,
1711 3960 1773 4014 11
1820 3961 1887 4015 12
1917 3959 1927 4030 Ι
1958 3962 2027 4015 23
2067 3964 2177 4013 Gen
2204 3961 2291 4026 36,
2328 3959 2397 4014 24

691 4107 756 4162 15
794 4113 888 4158 init
925 4109 1106 4160 lothan
1143 4114 1202 4175 β,
1242 4109 1420 4159 iothan
1456 4109 1532 4177 γΙ
1568 4107 1636 4162 15
1673 4108 1816 4158 borri
1850 4125 1965 4177 γφ,
2012 4108 2159 4159 horri
2194 4112 2230 4174 β
2260 4106 2269 4170 Ι
2304 4105 2371 4160 15
2409 4120 2609 4156 ommon
2644 4111 2718 4173 βγ
2756 4102 2771 4176 Ι

547 4193 615 4250 15
650 4201 733 4260 fin
766 4195 945 4246 lothan
982 4200 1054 4264 βγ
1087 4194 1094 4264 Ι
1125 4194 1190 4248 21
1221 4205 1337 4259 post
1367 4195 1665 4261 regionibus
1703 4195 1767 4261 -Ι-
1808 4200 1859 4245 et
1904 4195 2139 4260 gentibus
2172 4213 2217 4264 φ
2262 4202 2271 4260 Ι
2313 4193 2383 4246 24
2420 4210 2643 4259 sepegon
2678 4211 2723 4263 φ
2764 4190 2771 4260 Ι

517 4279 613 4333 ,26
648 4277 880 4351 iaminssl
906 4281 974 4334 27
999 4283 1286 4332 scribuntur
1319 4282 1504 4334 litteris
1523 4300 1568 4351 φ
1592 4279 1599 4350 Ι
1624 4282 1691 4336 29
1728 4283 1785 4331 in
1820 4281 2022 4332 deserto
2058 4281 2223 4346 patrie
2262 4281 2343 4332 sui
2366 4298 2411 4350 φ
2439 4277 2628 4348 130131
2642 4295 2773 4330 111111-

546 4372 794 4432 cupentur
827 4385 874 4435 φ
