3169 4941
1317 426 1542 483 Genesis
1577 428 1665 483 19.
2534 430 2603 484 69

304 609 330 653 1
369 594 484 678 τῆς
527 586 798 668 πόλεως.
868 586 1046 654 16καὶ
1104 585 1555 677 ἐταράχθησαν
1567 640 1586 671 ,
1642 586 1755 655 καὶ
1810 586 2164 678 ἐκράτησαν
2222 584 2287 656 οἶ
2344 583 2606 675 ἄγγελοι

371 696 488 782 τῆς
523 692 740 780 χειρὸς
783 684 980 759 αὐτοῦ
1022 689 1134 757 καὶ
1175 698 1290 780 τῆς
1328 690 1542 781 χειρὸς
1581 698 1701 781 τῆς
1735 691 2038 778 γυναικὸς
2094 683 2291 759 αὖτοῢ
2332 691 2443 759 καὶ
2475 695 2604 759 τῶν

367 798 600 884 χειρῶν
655 801 786 861 τῶν
849 790 964 862 δύο
1022 793 1401 882 θυγατέρων
1449 790 1648 862 αὐτοῦ
1708 794 1776 861 ἐν
1828 800 1921 883 τῷ
1972 792 2345 883 φείσασθαι
2395 795 2608 885 κύριον

373 896 588 968 αὐτοῦ.
656 903 715 943 ¹⁷
728 898 837 965 καὶ
880 896 1128 984 ἐγένετο
1141 950 1159 981 ,
1203 893 1390 987 ἡνίκα
1433 893 1741 987 ἐξήγαγον
1785 898 2021 979 αὐτοὺς
2059 897 2210 981 ἔξω,
2251 898 2361 966 καὶ
2404 892 2603 966 εἶπαν

303 1026 334 1072 5
373 1002 606 1077 Σώζων
642 1005 804 1086 σῶζε
842 1000 956 1091 τὴν
1003 1004 1273 1068 σεαυτοῦ
1299 1000 1538 1090 ψυχήν·
1584 1002 1673 1091 μὴ
1704 1001 2081 1091 περιβλέψῃ
2121 998 2216 1082 εἷς
2256 1002 2339 1069 τὰ
2384 999 2605 1071 ὀπίσω

375 1106 541 1196 μηδὲ
601 1116 758 1196 στῇς
812 1104 880 1173 ἐν
935 1104 1118 1195 πάσῃ
1175 1110 1254 1194 τῇ
1315 1104 1683 1195 περιχώρῳ·
1743 1104 1839 1186 εἷς
1879 1105 1957 1175 τὸ
2002 1102 2154 1196 ὄρος
2199 1102 2431 1190 σώζου,
2489 1104 2604 1197 μή·

373 1234 542 1277 ποτε
586 1212 1180 1299 συμπαραληφθῇς.
1251 1202 1472 1277 18εἶπε
1515 1208 1591 1277 δὲ
1627 1208 1801 1276 Λὼτ
1846 1208 2016 1299 πρὸς
2054 1202 2287 1290 αὐτοὺς
2324 1210 2601 1297 Δέομαι,

373 1313 548 1402 κύριε
564 1366 582 1395 ,
651 1317 708 1356 ¹⁹
720 1312 952 1403 ἐπειδὴ
1005 1306 1180 1402 εὗρεν
1230 1309 1268 1381 ὃ
1318 1317 1485 1393 παῖς
1541 1335 1659 1380 σου
1716 1310 1894 1392 ἔλεος
1972 1310 2262 1381 ἐναντίον
2320 1335 2439 1382 σου
2490 1314 2605 1382 καὶ

372 1413 765 1505 ἑμεγάλυνας
821 1416 937 1506 τὴν
993 1411 1396 1506 δικαιοσύνην
1454 1438 1571 1484 σου
1587 1470 1604 1501 ,
1664 1410 1704 1484 ὃ
1761 1421 1981 1497 ποιεῖς
2026 1410 2133 1485 ἐπ’
2180 1416 2295 1503 ἐμὲ
2334 1430 2454 1485 τοῦ·
2497 1420 2604 1509 ζῆν

271 1546 336 1592 10
370 1523 486 1612 τὴν
528 1520 738 1611 ψυχήν
778 1543 933 1606 μου·
977 1519 1102 1608 ἐγώ
1149 1520 1222 1587 δὲ
1263 1512 1339 1587 οὗ
1377 1516 1735 1611 δυνήσομαι
1765 1522 2173 1609 διασωθῆναι
2202 1519 2298 1603 εἷς
2324 1524 2402 1590 τὸ
2430 1520 2598 1611 ὅρος,

365 1626 622 1717 μήποτε
666 1620 1000 1714 καταλάβῃ
1046 1649 1130 1709 με
1167 1624 1252 1691 τὰ
1299 1620 1468 1691 κακά
1486 1677 1501 1707 ,
1547 1624 1660 1692 καὶ
1704 1620 2050 1693 ἀποθάνω.
2134 1621 2350 1692 wido&
2392 1624 2596 1705 πόλις

369 1729 526 1819 αὕτη
547 1729 755 1817 ’ἐγγὺς
793 1734 910 1795 τοῦ
970 1731 1356 1818 καταφυγεῖν
1407 1753 1491 1813 με
1549 1726 1714 1811 ἐκεῖ,
1782 1726 1822 1817 ἤ
1865 1726 2008 1795 ἐστι
2045 1723 2241 1815 μικρά
2256 1748 2269 1761 ·
2313 1728 2425 1796 καὶ
2468 1728 2606 1797 ἐκεῖ

368 1828 898 1923 διασωθήσομαι.
987 1829 1063 1899 οὗ
1137 1826 1340 1918 μικρά
1397 1829 1576 1914 gau,-
1630 1829 1743 1898 καὶ
1817 1827 2078 1920 ζήσεται
2146 1828 2186 1921 ἡ
2244 1828 2420 1922 ψυχή
2477 1857 2603 1917 μου

368 1936 577 2004 ἕνεκεν
624 1942 761 2004 σοῦ.
869 1934 1050 2002 Ἠκαὶ
1095 1928 1282 2001 εἶπεν
1325 1931 1497 2023 αὐτῷ
1537 1929 1701 2002 Ἰδοὺ
1739 1929 2092 2020 ἑθαύμασά
2151 1956 2267 2002 σου
2309 1936 2387 2003 τὸ
2424 1935 2599 2025 πρό-

269 2064 334 2111 15
370 2062 598 2107 σωπον
626 2039 740 2107 καὶ
781 2038 899 2107 ἐπὶ
939 2044 1034 2127 τῷ
1077 2038 1311 2129 ῥήματι
1353 2034 1591 2126 τούτῳ,
1647 2045 1762 2106 τοῦ
1813 2038 1900 2128 μὴ
1966 2038 2424 2129 καταστρέψαι
2483 2038 2600 2129 τὴν

368 2142 601 2225 πόλιν,
662 2141 820 2230 περὶ
865 2136 936 2232 ἧς
981 2137 1295 2231 ἓλάλησας
1309 2162 1323 2176 ·
1387 2145 1448 2184 ²²
1463 2146 1747 2208 σπεῦσον
1790 2135 1901 2209 οὖν
1932 2148 2046 2209 τοῐ
2093 2146 2393 2232 σωθῆναι
2435 2140 2597 2209 ἐκεῖ·

368 2244 443 2315 οὗ
487 2248 607 2336 γὰρ
660 2245 1009 2336 δυνήσομαι
1068 2251 1351 2335 ποιῆσαι
1408 2249 1680 2333 πρᾶγμα
1737 2243 1862 2325 ἕως
1900 2248 2017 2312 τοῦ
2055 2244 2280 2314 ἐλθεῖν
2327 2268 2402 2313 σε
2444 2244 2597 2314 ἐκεῖ.

510 2456 539 2510 1
578 2452 988 2529 εταραχθησαν]
1031 2451 1278 2522 „Aquila
1313 2453 1611 2523 εμελλησεν
1627 2489 1642 2505 .
1678 2449 1827 2506 sohel
1854 2465 2254 2527 εστρατευσατο
2271 2456 2303 2480 “
2327 2452 2362 2507 b
2394 2453 2402 2521 Ι
2433 2452 2468 2507 2
2490 2452 2596 2508 ini-

367 2541 444 2595 tio
479 2559 577 2599 τας
604 2558 796 2614 χειρας
827 2558 855 2592 Ζ
909 2539 920 2609 Ι
975 2540 1008 2592 2
1045 2558 1213 2592 αυτου
1259 2538 1409 2608 prius
1445 2537 1807 2603 DEabemrtz‚
1846 2555 2029 2591 αυτων
2060 2536 2147 2606 ΑΙ
2188 2538 2223 2591 2
2260 2558 2353 2605 της
2394 2557 2592 2614 χειρος

366 2627 600 2682 alterum
634 2636 702 2684 >
742 2627 786 2680 E
819 2627 827 2694 Ι
858 2626 946 2691 213
980 2644 1074 2692 της
1103 2643 1303 2698 χειρος
1336 2625 1454 2679 Ιοοο
1490 2643 1603 2678 των
1630 2642 1834 2696 χειρων
1869 2624 1920 2678 D
1951 2624 2221 2693 [superest
2238 2627 2354 2695 της]
2390 2628 2400 2692 Ι
2430 2626 2465 2680 3
2492 2626 2594 2679 δυο

367 2723 434 2773 >
453 2712 582 2767 Emt
602 2711 732 2781 [non
745 2712 820 2782 D]
854 2715 864 2778 Ι
895 2713 928 2766 3
949 2714 1074 2781 poet
1091 2730 1284 2783 κυριον
1301 2713 1365 2780 -Ι-
1385 2729 1484 2764 ‘tow
1500 2717 1645 2765 θεον
1667 2713 1750 2764 mt
1770 2710 1902 2780 [non
1915 2711 1991 2781 D]
2025 2714 2035 2779 Ι
2063 2711 2102 2766 4
2126 2731 2275 2764 αυτω
2298 2711 2344 2766 Ε
2375 2714 2386 2778 Ι
2415 2714 2451 2767 4
2472 2713 2598 2781 post

367 2805 541 2853 αυτου
562 2801 628 2867 -Ι-
648 2819 742 2851 και
777 2802 1124 2868 εξηγαγοσαν
1159 2815 1330 2851 αυτον
1367 2816 1462 2850 και
1502 2803 1714 2864 εθηκαν
1750 2816 1923 2851 αυτον
1948 2799 2135 2859 απεξω
2161 2814 2257 2864 της
2278 2800 2489 2858 πολεως
2511 2814 2539 2852 r
2577 2796 2587 2868 Ι

367 2887 403 2940 4
438 2903 658 2955 εγενετο
678 2903 839 2950 ηνικα
858 2894 926 2943 >
944 2901 973 2937 1·
1003 2887 1011 2953 Ι
1041 2884 1221 2952 4post
1237 2901 1400 2950 ηνικα
1427 2885 1492 2951 -Ι-
1519 2902 1613 2937 και
1648 2885 1675 2937 t
1703 2884 1713 2949 Ι
1743 2884 1779 2937 4
1798 2886 2146 2953 εξηγαγοσαν
2163 2899 2207 2947 r,
2233 2886 2505 2954 εξηγαγεν
2523 2901 2553 2938 Ζ
2580 2881 2591 2955 Ι

367 2974 404 3027 4
439 2989 636 3029 αυτους
665 2968 980 3033 Aabcmrtz,
1022 2986 1189 3023 αυτον
1216 2969 1261 3022 Ε
1307 2971 1316 3034 Ι
1357 2968 1396 3023 4
1431 2972 1534 3030 εξω
1571 2979 1641 3028 >
1677 2986 1708 3024 Ζ
1738 2969 1749 3039 Ι
1776 2969 1815 3024 4
1849 2971 1976 3039 post
2008 2972 2109 3030 εξω
2144 2971 2209 3037 -Ι-
2251 2987 2345 3035 της
2379 2972 2595 3029 nezem

367 3059 418 3113 D
458 3059 580 3124 [aaz
615 3057 861 3126 superest
892 3057 1130 3122 πολεως]
1176 3057 1186 3121 Ι
1233 3056 1269 3110 4
1308 3073 1470 3107 ειπον
1505 3057 1619 3110 ertz
1648 3056 1659 3126 Ι
1687 3055 1723 3111 5
1761 3057 1947 3117 σωζων
1976 3065 2045 3114 >
2078 3071 2106 3109 r
2136 3055 2147 3126 Ι
2194 3055 2227 3110 5
2260 3058 2595 3128 περιβλεψης

365 3143 547 3207 ΑΕοΖ,
588 3145 764 3211 βλεψη
801 3157 836 3196 a
865 3142 876 3208 Ι
905 3141 940 3195 6
973 3156 1254 3214 περιχορω
1287 3155 1344 3193 m
1373 3144 1382 3209 Ι
1435 3141 1522 3207 6s7
1549 3143 1689 3209 ⁴posi:
1721 3158 1941 3212 μηποτε
1981 3141 2047 3208 -Ι-
2083 3160 2164 3212 μη
2198 3157 2229 3196 Ζ
2259 3141 2269 3208 Ι
2311 3141 2343 3195 7
2376 3156 2590 3195 συνπα-

367 3231 703 3302 ραλημφθης
735 3225 810 3290 A,
845 3228 1388 3298 συμπαραλημφθης
1419 3225 1544 3290 DE,
1600 3228 2107 3299 συμπαραληφθεις
2140 3243 2225 3281 mz
2283 3228 2293 3293 Ι
2358 3226 2392 3281 7
2436 3243 2594 3280 ειπεν

365 3313 514 3368 AErt
543 3311 774 3382 [t²=b]
810 3312 820 3379 Ι
852 3313 883 3366 7
922 3312 1124 3382 δαιομε
1148 3310 1198 3364 Α
1227 3312 1236 3380 Ι
1267 3314 1302 3368 8
1339 3331 1517 3385 κυριοι
1559 3331 1587 3365 Ζ
1620 3315 1628 3378 Ι
1659 3314 1694 3368 8
1731 3329 1890 3386 ευρον
1924 3327 1953 3365 ο
1982 3312 1991 3381 Ι
2022 3313 2057 3367 8
2093 3315 2248 3374 ελεος
2270 3310 2591 3375 AEabmrtz,

358 3418 533 3474 χάριν
567 3415 598 3453 e
625 3400 636 3469 Ι
665 3399 702 3452 8
736 3412 838 3452 σου
873 3397 1129 3466 alterum]
1164 3415 1321 3469 υμων
1355 3413 1386 3452 Ζ
1428 3399 1436 3468 Ι
1491 3397 1525 3452 9
1562 3417 1593 3451 ο
1630 3415 1813 3456 ποιεις
1844 3396 2100 3464 Aabemt,
2136 3416 2203 3450 ου
2239 3413 2493 3464 ποιησεις
2527 3397 2590 3462 Ε,

366 3506 397 3539 ο
419 3501 674 3553 ποιησεις
699 3503 756 3550 r,
793 3505 824 3537 ο
856 3501 1018 3550 ποιης
1052 3501 1080 3536 Ζ
1111 3484 1119 3553 Ι
1151 3485 1185 3538 9
1221 3484 1320 3554 επ]
1355 3501 1432 3544 εις
1469 3502 1498 3537 Ζ
1529 3486 1605 3552 Ι,9
1643 3487 1737 3552 ζην
1758 3483 2087 3549 AEabmrtz,
2125 3488 2282 3552 ζησαι
2307 3500 2361 3538 ο.
2400 3483 2593 3547 „schol

363 3591 461 3626 του
498 3574 760 3634 ζωωσαι“
797 3569 834 3624 b
873 3570 884 3638 Ι
928 3570 998 3624 10
1030 3576 1282 3636 σωθηναι
1325 3571 1393 3640 οΙ
1435 3571 1497 3625 ll
1536 3589 1752 3642 μηποτε
1789 3569 1879 3635 bn,
1924 3591 2002 3644 μη
2039 3571 2137 3626 AD
2175 3571 2283 3640 [GR]
2322 3569 2543 3626 Eacmrt
2577 3570 2587 3642 Ι

368 3658 432 3712 11
469 3660 768 3725 καταλαβει
807 3674 835 3710 Ζ
888 3657 900 3724 Ι
949 3657 1012 3711 11
1047 3657 1174 3725 post
1205 3656 1334 3708 ιδου
1371 3657 1435 3724 -Ι-
1477 3677 1508 3724 η
1541 3656 1641 3710 AD
1681 3656 1797 3726 [GR]
1831 3657 2049 3711 Eamrtz
2095 3657 2104 3728 Ι
2157 3657 2222 3711 11
2258 3661 2455 3717 nome
2488 3658 2538 3712 A
2576 3655 2587 3728 Ι

367 3745 435 3800 12
470 3759 625 3798 εστιν
660 3743 805 3797 ADE
836 3743 845 3811 Ι
878 3745 946 3799 12
981 3762 1074 3795 και
1111 3751 1180 3800 >
1214 3741 1450 3796 ADEarz
1483 3743 1491 3810 Ι
1525 3743 1595 3799 12
1630 3761 1742 3796 εκει
1779 3743 2013 3798 alterum
2048 3753 2115 3803 >
2153 3760 2211 3808 o,
2255 3746 2381 3798 ante
2418 3763 2483 3796 ov
2522 3743 2591 3796 13

363 3830 519 3899 ponit
552 3845 581 3882 r
610 3829 619 3897 Ι
653 3830 807 3896 12s13
849 3829 975 3893 „ita
1008 3828 1184 3883 latina
1217 3829 1374 3882 uetus
1411 3828 1576 3883 editio
1596 3869 1609 3883 .
1661 3829 1720 3884 in
1747 3828 1846 3884 AA
1869 3829 1961 3882 LL
1994 3849 2059 3882 ου
2096 3849 2280 3903 μικρα
2316 3845 2436 3882 εστι
2473 3827 2591 3882 sine

362 3918 493 3971 nota
525 3915 968 3986 interrogationis
983 3954 997 3968 .
1041 3914 1198 3969 Philo
1234 3933 1443 3986 μικράν
1483 3932 1542 3968 τε
1581 3934 1675 3967 και
1716 3934 1784 3968 ου
1821 3933 2036 3988 μικραν
2065 3933 2165 3980 την
2189 3917 2358 3968 πολιν
2385 3930 2590 3979 ταυτην

364 4020 420 4053 οι
446 4016 698 4075 χρησμοι
737 4003 1209 4056 διασυνιστασιν“
1246 3998 1280 4053 b
1324 4000 1334 4067 Ι
1380 4000 1448 4054 13
1480 4006 1817 4072 σωθησομαι
1850 4001 2065 4056 AEacrz
2111 4001 2122 4067 Ι
2179 4000 2247 4053 13
2280 4017 2467 4071 μακρα
2503 4014 2534 4052 Ζ
2576 3997 2587 4067 Ι

366 4087 434 4141 13
468 4102 622 4140 εστιν
657 4086 886 4141 ADEmt
919 4086 1008 4156 [t2
1029 4111 1099 4130 =
1121 4084 1181 4156 b]
1215 4087 1225 4154 Ι
1256 4085 1325 4138 14
1357 4101 1545 4138 ενεκεν
1583 4101 1686 4138 σου
1712 4093 1779 4143 >
1803 4085 1884 4139 Dr
1914 4087 1921 4154 Ι
1955 4086 2023 4140 14
2059 4100 2161 4138 σου
2195 4083 2587 4154 alterum>rl

365 4172 520 4240 14115
557 4212 589 4237 ,,
607 4171 958 4243 Symmachus
997 4188 1190 4246 ορασει
1229 4171 1607 4237 εδυσωπηθην
1638 4189 1702 4223 το
1736 4186 2043 4245 προσωπον
2082 4183 2213 4222 σου.
2248 4167 2449 4238 Aquila
2483 4187 2589 4240 ηρα

361 4277 425 4310 το
461 4274 779 4330 προσωπον
820 4275 921 4312 σου
940 4264 971 4289 “
1014 4257 1080 4312 b.
1119 4257 1180 4312 in
1212 4256 1457 4325 margine
1480 4273 1509 4310 r
1543 4275 1647 4309 ακυ
1683 4253 1812 4310 ’ἰδοὺ
1849 4253 1955 4331 ἦρα
1988 4251 2301 4328 πρόσωπον
2344 4270 2484 4307 σουε
2520 4268 2590 4308 συ

361 4341 558 4414 ὁράσει
583 4341 923 4410 ἐδυσωπήον
949 4344 1074 4412 [sio]
1103 4339 1406 4415 προσωπόν
1429 4356 1558 4396 trev:
1590 4343 1599 4411 Ι
1633 4342 1699 4396 15
1716 4341 1843 4412 post
1867 4355 2067 4394 σωπον
2087 4342 2153 4408 -Ι-
2179 4354 2289 4394 σου
2305 4356 2333 4394 r
2364 4343 2375 4406 Ι
2407 4340 2474 4396 15
2494 4359 2589 4394 και

363 4438 434 4490 >
469 4443 504 4484 a
533 4430 542 4499 Ι
573 4429 643 4484 15
676 4426 891 4502 ρήματη
932 4446 960 4484 r
990 4431 1000 4500 Ι
1033 4430 1100 4486 15
1135 4446 1368 4492 τουτο]
1399 4428 1408 4498 Ι
1443 4430 1508 4485 16
1544 4431 1771 4498 ελαλησε
1812 4445 1841 4483 Ζ
1872 4428 1881 4499 Ι
1913 4426 1981 4484 16
2005 4436 2190 4489 ουν>
2213 4428 2297 4483 mt
2325 4427 2457 4500 [vn
2472 4427 2549 4496 D]
2577 4426 2587 4498 Ι
