3169 4941
311 627 335 671 1

305 1044 336 1091 ὅ

272 1564 338 1610 10

271 2082 337 2128 15

1320 444 1544 502 Genesis
1581 447 1668 503 19.
2536 448 2607 503 69

372 614 488 697 τῆς
531 605 802 686 πόλεως.
872 604 1048 673 16καὶ
1107 604 1558 696 ἐταράχθησαν
1570 659 1589 690 ,
1644 605 1758 673 καὶ
1813 604 2167 696 ἐκράτησαν
2224 603 2289 675 οὶ
2347 602 2608 694 ἄγγελοι

375 716 490 800 τῆς
527 710 744 799 χειρὸς
786 703 983 777 αὐτοῦ
1025 706 1136 776 καὶ
1179 716 1295 799 τῆς
1331 709 1546 799 χειρὸς
1584 716 1705 800 τῆς
1738 710 2041 797 γυναικὸς
2097 702 2293 777 αὐτοῦ
2335 710 2447 779 καὶ
2478 715 2607 779 τῶν

370 817 601 903 χειρῶν
659 821 789 881 τῶν
853 809 967 880 δύο
1025 812 1404 901 θυγατέρων
1453 810 1651 881 αὐτοῦ
1711 812 1779 881 ἒν
1831 819 1924 902 τῷ
1975 812 2348 902 φείσασθαι
2399 815 2610 905 κύριον

376 915 591 986 αὐτοῦ.
659 916 839 983 Ηκαὶ
882 915 1160 1003 ἐγένετο,
1206 912 1392 1005 ἡνίκα
1437 912 1744 1005 ἐξήγαγον
1788 917 2021 997 αὐτοὺς
2062 916 2213 1001 ἔξω,
2253 917 2365 985 καὶ
2407 911 2605 985 εἶπαν

375 1021 608 1095 Σιόζων
644 1022 806 1104 σῶζε
844 1019 959 1110 τὴν
1006 1025 1276 1087 σεαυτοῦ
1302 1020 1540 1111 ψυχήν
1587 1020 1675 1110 μὴ
1707 1020 2083 1111 περιβλέψῃ
2124 1018 2218 1101 εἷς
2259 1022 2343 1089 τὰ
2388 1019 2609 1090 ὀπίσω

379 1124 544 1214 μηδὲ
603 1134 760 1215 στῇς
814 1123 884 1191 ἐν
937 1123 1121 1213 πάσῃ
1177 1131 1256 1213 τῇ
1319 1123 1657 1213 περιχώρῳ
1670 1148 1686 1163 ·
1746 1122 1843 1206 εἰς
1882 1125 1960 1194 τὸ
2004 1121 2158 1214 ὅρος
2202 1121 2434 1210 σώζου,
2490 1123 2607 1216 μή·

375 1253 544 1295 ποτε
588 1231 1183 1318 συμπαραληφθῇς.
1253 1221 1474 1295 18εἶπε
1519 1227 1593 1295 δὲ
1630 1228 1804 1295 Λὼτ
1849 1228 2019 1318 πρὸς
2057 1221 2290 1309 αὐτοὺς
2327 1228 2604 1315 Δέομαι,

375 1331 549 1421 κύριε
567 1385 583 1414 ,
653 1336 710 1375 1⁹
723 1330 954 1421 ἐπειδὴ
1008 1325 1183 1419 εὗρεν
1233 1328 1270 1400 ὃ
1322 1335 1488 1411 παῖς
1543 1354 1661 1399 σου
1719 1328 1898 1411 ἔλεος
1974 1329 2265 1400 ἐναντίον
2322 1355 2441 1400 σου
2492 1332 2607 1401 καὶ

375 1431 767 1523 ἐμεγάλυνας
823 1436 939 1525 τὴν
995 1430 1398 1525 δικαιοσύνην
1456 1457 1575 1503 σου
1590 1488 1607 1520 ,
1668 1429 1707 1502 ὃ
1763 1441 1983 1516 ποιεῖς
2028 1429 2135 1504 ἐπ’
2182 1435 2297 1522 ἐμὲ
2336 1449 2456 1505 τοῦ
2500 1440 2607 1528 ζῆν

373 1541 488 1630 τὴν
529 1539 740 1630 ψυχήν
780 1564 905 1624 μου
921 1562 935 1577 ·
979 1538 1104 1626 ἐγώ
1151 1537 1224 1606 δὲ
1267 1532 1341 1606 οὗ
1379 1535 1737 1629 δυνήσομαι
1768 1542 2176 1628 διασαῶῆναι
2204 1538 2300 1621 εἷς
2326 1543 2405 1609 τὸ
2433 1540 2601 1630 ὅρος,

367 1643 625 1735 μήποτε
667 1638 1003 1733 καταλάβῃ
1048 1668 1132 1727 με
1169 1641 1254 1709 τὰ
1301 1639 1471 1710 κακά
1487 1697 1504 1727 ,
1549 1643 1663 1710 καὶ
1706 1639 2053 1712 ἀποθάνω.
2136 1641 2353 1712 3οἶδού
2395 1644 2598 1724 πόλις

371 1746 528 1837 αὕτη
549 1747 758 1835 ’ἐγγὺς
796 1753 912 1814 τοῦ
972 1750 1357 1837 καταφυγεῖν
1411 1772 1494 1831 με
1552 1745 1715 1829 ἐκεῖ,
1785 1744 1825 1835 ἦ
1868 1745 2010 1814 ἐστι
2047 1742 2243 1834 μικρά
2258 1768 2271 1781 ·
2316 1747 2427 1816 καὶ
2470 1746 2608 1815 ἐκεῖ

371 1847 899 1941 διασωθήσομαι.
991 1847 1065 1917 οὗ
1139 1844 1342 1939 μικρά
1398 1848 1578 1933 gom,-
1632 1848 1744 1917 καὶ
1820 1845 2079 1939 ζήσεται
2149 1847 2189 1939 ἡ
2247 1847 2421 1942 ψυχή
2480 1876 2605 1937 μου

371 1954 578 2022 ἕνεκεν
625 1962 763 2022 σοῦ.
871 1953 1052 2021 fluat
1098 1947 1284 2020 εἶπεν
1328 1950 1500 2042 αὐτῷ
1539 1948 1703 2021 Ἰδοὺ
1741 1949 2095 2039 ἑθαύμασά
2154 1976 2270 2021 σου
2311 1954 2389 2023 τὸ
2427 1954 2601 2044 πρό·-

372 2080 600 2125 σωπον
630 2058 740 2125 καὶ
783 2056 901 2125 ἐπὶ
941 2065 1036 2146 τῷ
1080 2056 1311 2147 ῥήματι
1355 2053 1562 2144 τούτῳ
1575 2109 1593 2139 ,
1649 2064 1765 2124 τοῦ
1816 2057 1903 2147 μὴ
1968 2056 2426 2148 καταστρέψαι
2485 2058 2602 2149 τὴν

371 2161 571 2229 πόλιν
585 2214 602 2244 ,
664 2160 824 2250 περὶ
867 2154 938 2252 ἧς
982 2156 1297 2250 ἓλάλησας
1311 2181 1325 2196 ·
1389 2164 1449 2203 ²²
1464 2164 1749 2227 σπεῦσον
1793 2154 1903 2227 οὗν
1934 2168 2048 2228 τοῐ
2095 2165 2395 2251 σωθῆναι
2438 2160 2600 2229 ἐκεῖ·

371 2263 445 2333 οὗ
489 2266 608 2354 γὰρ
662 2263 1011 2355 δυνήσομαι
1070 2272 1352 2353 ποιῆσαι
1411 2268 1682 2353 πρᾶγμα
1739 2262 1864 2344 ἕως
1903 2267 2020 2332 τοῦ
2058 2263 2281 2334 ἐλθεῖν
2328 2287 2404 2332 σε
2446 2264 2598 2334 ἐκεῖ.

510 2476 540 2528 1
579 2472 990 2547 εταραχθησαν]
1033 2470 1280 2541 „Aquila
1315 2472 1644 2542 εμελλησεν.
1680 2469 1830 2525 schol
1856 2485 2256 2546 εστρατευσατο
2274 2475 2305 2500 “
2329 2470 2364 2526 b
2394 2474 2404 2540 Ι
2435 2472 2469 2526 2
2491 2470 2598 2528 ini-

370 2559 446 2613 tio
480 2578 578 2616 τας
606 2575 797 2632 χειρας
829 2576 856 2611 z
912 2558 921 2628 Ι
977 2559 1010 2611 2
1047 2577 1215 2611 avt-ov
1261 2557 1411 2627 prius
1447 2556 1810 2623 DEabomrtz,
1848 2575 2033 2610 αυτων
2062 2556 2111 2610 Α
2140 2559 2150 2625 Ι
2191 2557 2225 2611 2
2262 2577 2355 2625 της
2395 2577 2593 2634 χειρος

368 2645 602 2700 alterum
636 2654 704 2704 >
744 2645 788 2698 E
820 2646 828 2713 Ι
860 2645 948 2710 213
981 2663 1076 2711 της
1105 2661 1305 2716 χειρος
1339 2642 1456 2698 loeo
1492 2662 1605 2697 των
1632 2661 1837 2715 χειρων
1872 2644 1923 2697 D
1953 2643 2223 2713 [superest
2241 2645 2356 2714 της]
2392 2647 2401 2711 Ι
2430 2646 2467 2700 3
2493 2645 2595 2698 δυο

368 2741 437 2792 >
455 2731 584 2785 Emt
602 2731 734 2801 [11011
747 2731 822 2801 D]
854 2733 865 2797 Ι
896 2732 930 2784 3
950 2733 1076 2799 post
1093 2748 1285 2803 κυριον
1303 2732 1368 2799 -Ι-
1387 2748 1486 2783 τον
1503 2736 1647 2784 θεον
1669 2732 1753 2783 mt
1772 2730 1904 2800 [11011
1917 2730 1995 2800 D]
2026 2735 2037 2799 Ι
2066 2731 2105 2786 4
2128 2750 2277 2784 amm
2300 2731 2346 2785 E
2376 2734 2387 2798 1
2417 2733 2452 2787 4
2473 2732 2599 2800 post

370 2838 542 2872 αυτου
564 2820 629 2886 -Ι-
649 2836 744 2870 και
779 2821 1126 2888 εξηγαγοσαν
1162 2834 1332 2870 αυτον
1369 2836 1464 2870 και
1504 2822 1716 2884 εθηκαν
1752 2835 1925 2870 αυτον
1950 2819 2136 2878 απεξω
2163 2835 2258 2883 της
2280 2820 2490 2878 πολεως
2512 2834 2541 2872 1·
2578 2816 2589 2888 Ι

370 2905 405 2959 4
439 2921 660 2974 εγενετο
679 2921 840 2970 ηνικα
859 2912 928 2962 >
946 2919 975 2957 1·
1005 2906 1013 2972 Ι
1044 2903 1222 2971 4post
1239 2920 1402 2968 ηνικα
1429 2904 1494 2969 -Ι-
1521 2921 1616 2956 και
1650 2905 1677 2956 t
1704 2905 1715 2969 1
1743 2902 1781 2957 4
1800 2905 2148 2972 εξηγαγοσαν
2164 2917 2209 2966 r,
2234 2905 2506 2973 εξηγαγεν
2524 2921 2553 2958 z
2581 2901 2592 2975 Ι

368 2992 406 3045 4
441 3008 637 3047 αυτους
667 2987 982 3052 Aabemrtz,
1023 3006 1191 3041 αυτον
1217 2988 1262 3042 Ε
1309 2989 1318 3054 Ι
1359 2987 1397 3042 4
1434 2991 1536 3049 εξω
1573 2997 1643 3047 >
1680 3005 1710 3043 z
1740 2988 1750 3058 Ι
1778 2988 1816 3043 4
1850 2990 1977 3058 post
2010 2991 2111 3049 εξω
2145 2992 2211 3058 -Ι-
2252 3007 2346 3055 της
2381 2990 2595 3048 πολεως

368 3077 420 3131 D
460 3077 580 3143 [aaz
617 3076 863 3145 superest
895 3076 1132 3141 πολεως]
1178 3075 1188 3140 Ι
1236 3075 1271 3129 4
1310 3091 1472 3126 ειπον
1507 3076 1621 3128 crtz
1650 3074 1659 3144 Ι
1690 3075 1725 3129 5
1764 3076 1949 3136 σωζων
1978 3084 2047 3134 >
2080 3091 2108 3128 1·
2138 3074 2147 3144 Ι
2196 3076 2228 3129 5
2261 3078 2596 3147 περιβλεψης

367 3162 549 3225 ΔΕοτ,
590 3164 766 3229 βλεψη
802 3176 837 3215 a
866 3162 878 3227 Ι
907 3160 942 3214 6
975 3176 1254 3234 περιχορω
1289 3173 1346 3212 m
1375 3163 1384 3228 Ι
1437 3160 1524 3226 617
1551 3161 1691 3228 *post
1723 3177 1942 3229 μηποτε
1983 3160 2049 3228 -Ι-
2085 3179 2165 3231 μη
2200 3177 2231 3216 z
2261 3160 2270 3228 Ι
2313 3160 2344 3214 7
2375 3175 2591 3214 συνπα-

369 3251 704 3318 ραλημφθης
736 3244 811 3310 A,
846 3247 1390 3317 ουμπαραλημφθης
1420 3244 1546 3308 DE,
1601 3247 2109 3318 συμπαραληφθεις
2141 3261 2227 3301 mz
2284 3247 2295 3312 Ι
2360 3245 2392 3300 7
2437 3263 2595 3300 scaev

367 3331 517 3386 AErt
545 3331 776 3402 [t2———b1
811 3332 821 3399 Ι
853 3332 884 3384 7
923 3331 1126 3401 δαιομε
1149 3328 1199 3383 A
1229 3330 1238 3399 Ι
1269 3334 1304 3388 8
1340 3350 1519 3404 κυριοι
1561 3350 1589 3384 z
1621 3334 1630 3398 Ι
1660 3333 1697 3388 8
1732 3349 1892 3405 ευρον
1924 3346 1954 3385 c
1983 3331 1993 3400 Ι
2022 3333 2059 3387 8
2094 3335 2249 3393 ελεος
2272 3330 2593 3396 AEabmrtz,

361 3437 536 3492 χαριν
569 3434 600 3472 ο
629 3418 638 3487 Ι
667 3418 702 3471 8
737 3432 839 3471 σου
875 3415 1130 3485 alterum]
1165 3434 1322 3487 υμων
1357 3432 1388 3472 z
1429 3417 1437 3487 Ι
1493 3416 1527 3470 9
1563 3437 1595 3470 ο
1630 3435 1815 3476 ποιεις
1845 3415 2101 3484 Aabomt,
2136 3436 2203 3470 ov
2240 3431 2494 3483 ποιησεις
2528 3416 2591 3481 Ε,

367 3525 400 3557 ο
421 3519 676 3571 ποιησεις
700 3521 757 3569 1·,
795 3524 825 3556 ο
857 3519 1020 3570 ποιης
1054 3521 1081 3555 z
1113 3503 1121 3572 Ι
1153 3504 1187 3557 9
1223 3502 1320 3573 επ]
1356 3520 1434 3563 εις
1471 3521 1500 3556 z
1531 3505 1607 3572 Ι,9
1645 3506 1738 3572 ζην
1759 3502 2089 3568 AEabmrtz,
2127 3507 2284 3571 ζησαι
2308 3519 2361 3558 o.
2400 3502 2595 3567 „schol

365 3610 464 3643 του
501 3592 761 3652 ζωωσαι“
798 3587 834 3643 b
875 3590 886 3657 Ι
931 3589 1000 3643 10
1032 3595 1285 3656 σωθηναι
1327 3589 1394 3659 οΙ
1437 3590 1499 3645 11
1537 3607 1753 3662 μηποτε
1790 3588 1881 3654 bz,
1924 3610 2003 3662 μη
2040 3589 2140 3645 ΑΙ)
2176 3590 2284 3660 [GR]
2322 3589 2543 3645 anmrt
2578 3589 2589 3662 Ι

370 3676 434 3730 11
471 3679 769 3744 καταλαβει
809 3693 836 3728 z
889 3677 900 3743 Ι
951 3675 1014 3730 11
1047 3677 1175 3744 post
1208 3675 1334 3728 ιδου
1371 3677 1437 3744 -Ι-
1478 3697 1511 3743 η
1542 3675 1643 3730 AD
1681 3675 1798 3746 [GR]
1832 3677 2049 3730 Eamrtz
2096 3676 2105 3746 Ι
2158 3676 2223 3730 11
2258 3681 2455 3736 nolens
2489 3678 2539 3732 A
2577 3675 2588 3747 Ι

368 3764 438 3818 12
472 3777 626 3816 εστιν
662 3762 806 3816 ADE
838 3763 847 3831 Ι
879 3763 948 3818 12
982 3782 1075 3814 και
1113 3771 1182 3820 >
1215 3761 1452 3816 ADEarz
1483 3764 1492 3831 Ι
1526 3763 1595 3818 12
1631 3781 1743 3816 εκει
1781 3763 2014 3818 alterum
2048 3772 2117 3824 >
2154 3779 2213 3828 c,
2256 3766 2383 3818 ante
2418 3783 2484 3816 ου
2524 3763 2593 3815 13

365 3848 522 3917 ponit
554 3864 582 3901 r
612 3848 620 3918 Ι
655 3849 808 3916 12113
849 3849 976 3912 „ita
1010 3848 1186 3902 latina
1217 3850 1376 3902 uetus
1412 3848 1611 3904 editio.
1662 3849 1721 3903 in
1748 3847 1847 3904 ΔΑ
1870 3849 1963 3902 LL
1994 3869 2061 3902 ου
2098 3868 2281 3923 μικρα
2317 3866 2438 3902 εστι
2474 3846 2591 3902 sine

363 3936 495 3990 nota
527 3934 969 4005 interrogationis
983 3974 998 3988 .
1042 3934 1200 3989 Philo
1235 3953 1444 4005 μικραν
1484 3952 1543 3987 τε
1582 3953 1676 3988 και
1716 3955 1785 3988 ου
1823 3953 2037 4007 μικραν
2066 3953 2167 4001 την
2191 3937 2359 3987 πολιν
2388 3949 2591 3997 ταυτην

367 4038 422 4072 οι
448 4035 699 4094 χρησμοι
738 4021 1210 4074 διασυνιστασιψ(
1245 4019 1280 4072 b
1325 4020 1334 4087 Ι
1381 4020 1448 4073 13
1481 4026 1819 4093 σωθησομαι
1851 4020 2065 4076 Aanrz
2112 4022 2123 4086 Ι
2180 4019 2248 4073 13
2281 4037 2469 4091 μακρα
2504 4033 2535 4071 z
2577 4016 2585 4086 Ι

367 4105 436 4160 13
469 4121 624 4158 εστιν
658 4105 888 4160 ADEmt
919 4106 1008 4175 [12²
1030 4131 1100 4149 =
1122 4104 1182 4175 b]
1215 4107 1226 4174 Ι
1257 4104 1328 4158 14
1359 4121 1546 4158 ενεκεν
1584 4121 1687 4157 σου
1712 4111 1783 4163 >
1804 4105 1885 4159 Dr
1915 4107 1922 4174 Ι
1957 4106 2025 4160 14
2060 4121 2161 4158 σου
2196 4104 2585 4174 alterum>rl

365 4191 522 4259 14115
557 4230 590 4255 ,,
608 4190 960 4262 Symmachus
998 4207 1191 4266 ορασει
1230 4190 1608 4257 εδυσωπηθην
1640 4209 1703 4242 το
1737 4207 2045 4263 προσωπον
2082 4203 2213 4242 σου.
2249 4187 2450 4258 Aquila.
2482 4207 2591 4261 ηρα

361 4295 427 4329 το
461 4294 780 4348 προσωπον
821 4295 922 4331 σου
939 4283 972 4308 “
1014 4277 1082 4332 b.
1119 4277 1180 4331 in
1213 4276 1458 4346 margine
1481 4292 1510 4330 1·
1543 4295 1648 4328 axv
1684 4273 1814 4328 ’ἰδοὺ
1850 4273 1957 4351 ἦρα
1990 4271 2301 4346 πρόσωπον
2345 4289 2485 4328 σουε
2521 4288 2591 4328 συ

362 4360 558 4434 ὁράσει
583 4360 924 4430 ἔδυσωπήον
949 4362 1076 4431 [sio]
1103 4360 1408 4435 προσωπόν
1431 4376 1560 4416 cova
1591 4363 1601 4433 Ι
1634 4361 1700 4417 15
1717 4361 1845 4431 post
1866 4375 2068 4414 σωπον
2087 4361 2153 4428 -Ι-
2180 4373 2290 4414 σου
2306 4377 2334 4414 1·
2364 4362 2375 4427 Ι
2409 4361 2474 4417 15
2494 4381 2588 4416 και

363 4457 433 4508 >
469 4463 504 4503 a
532 4448 542 4518 Ι
571 4449 644 4503 15
677 4444 891 4521 ρήματη
932 4465 961 4503 1·
991 4450 1000 4520 Ι
1034 4450 1100 4506 15
1136 4467 1369 4513 τουτο]
1400 4450 1409 4520 Ι
1444 4449 1509 4506 16
1545 4452 1772 4517 ελαλησε
1812 4465 1843 4503 z
1873 4447 1882 4519 Ι
1914 4446 1982 4504 16
2005 4457 2190 4508 ουν>
2213 4448 2297 4504 mt
2325 4446 2456 4520 [vn
2472 4448 2549 4518 D]
2578 4447 2588 4519 Ι
