3169 4941
1510 396 1937 460 ...13-

608 578 929 642 clesiarum
969 581 1329 661 quaerimus,
1384 592 1741 663 nugatorum
1781 584 2241 665 byzantinorum
2296 583 2670 646 inueniamus
2719 579 2836 665 βω-

612 676 939 759 μολοχίαν.

784 774 959 846 Quae
1004 797 1186 858 quum
1232 778 1321 839 ita
1362 778 1502 853 sint,
1566 779 1806 841 omnino
1857 781 2260 842 necessarium
2320 781 2560 842 uidetur
2610 781 2685 841 de
2727 798 2838 840 ex-

610 877 911 938 tendendo
948 877 1247 956 adparatu
1272 875 1533 937 uersioni
1570 879 1792 939 ueteris
1832 878 2183 940 testamenti
2208 898 2458 960 graecae
2498 877 2837 939 adhibendo

611 973 889 1053 cogitare.
974 994 1045 1036 ac
1101 974 1266 1054 prius
1331 983 1426 1036 est
1483 985 1551 1036 ut
1613 975 1920 1038 uersioues
1973 985 2210 1038 ueteres
2267 977 2673 1051 excutiamuS,
2741 975 2838 1038 al-

609 1082 805 1134 terum
853 1083 923 1134 ut
951 1072 1137 1135 libros
1163 1064 1408 1154 graecos
1440 1072 1628 1134 literis
1653 1075 1968 1137 recentiori
2003 1077 2179 1138 modo
2211 1075 2535 1137 efformatis
2581 1074 2838 1155 scriptos

610 1174 688 1234 ad
730 1171 1092 1253 archetypos
1136 1169 1402 1232 unciales
1449 1190 1813 1235 reuocemus.

780 1270 913 1331 Iam
950 1271 1109 1331 unde
1166 1288 1413 1349 possum
1473 1271 1695 1331 rectius
1760 1270 1995 1333 dicendi
2051 1273 2125 1333 de
2179 1272 2552 1334 uersionibus
2604 1271 2840 1334 initium

613 1368 810 1429 facere
856 1387 1036 1447 quam
1081 1367 1159 1429 ab
1194 1368 1643 1458 enumeratione
1679 1376 1741 1430 et
1785 1387 2010 1442 earum,
2061 1390 2214 1451 quae
2247 1371 2517 1451 integrae
2540 1369 2640 1431 uel
2676 1371 2840 1452 typis

613 1466 953 1546 exscriptae
1018 1466 1117 1527 uel
1159 1466 1223 1528 in
1278 1463 1579 1529 codicibus
1642 1475 1920 1528 seruatae
1986 1476 2144 1542 sunt,
2195 1475 2258 1528 et
2299 1487 2526 1542 earum,
2587 1487 2838 1548 quarum

611 1572 819 1645 partes
890 1571 1128 1626 tantum
1190 1573 1317 1626 tam
1388 1572 1600 1644 arguto
1661 1563 1828 1645 operi
1864 1552 2194 1640 adhiberi,
2253 1585 2408 1646 quae
2467 1576 2561 1627 est
2613 1567 2842 1629 inuidia

611 1663 921 1743 temporiS‚
962 1671 1232 1743 possunt.

614 1852 935 1915 armenica.
1022 1852 1257 1934 integra
1313 1852 1504 1926 edita,
1560 1853 1669 1913 sed
1705 1779 1902 1915 &mala
1955 1853 2103 1925 fide,
2155 1862 2217 1915 et
2273 1852 2393 1914 iam
2454 1862 2595 1915 ante
2659 1874 2840 1935 quam

613 1953 908 2024 ederetur,
954 1950 1280 2012 identidem
1326 1960 1628 2032 corrupta.

1707 2067 1748 2102 q

610 2154 966 2216 basmurica.
1030 2154 1180 2216 nihil
1218 2162 1482 2216 aetatem
1517 2155 1658 2217 tulit
1691 2153 1806 2216 nisi
1833 2153 2031 2215 Isaiae
2071 2155 2127 2228 1,
2157 2155 2362 2217 1-—16
2408 2163 2471 2214 et
2514 2156 2574 2229 5,
2601 2154 2828 2220 8—25.

614 2251 801 2315 edidit
838 2254 1039 2334 Zoega
1078 2253 1141 2314 in
1183 2252 1456 2334 catalogo
1506 2252 1626 2316 145
1652 2271 1780 2333 sqq.

1719 2369 1748 2424 2

621 2444 983 2527 aethiopica,
1030 2444 1082 2506 si
1124 2444 1301 2506 modo
1345 2463 1527 2507 unam
1577 2445 1886 2508 nominare
1933 2461 2270 2525 possumuS‚
2323 2464 2478 2525 quae
2532 2465 2565 2507 e
2613 2448 2846 2513 duabus

613 2544 877 2605 conflata
923 2551 1032 2605 est.
1078 2543 1279 2606 confer
1323 2542 1506 2605 etiam
1530 2563 1686 2623 quae
1729 2543 1792 2604 in
1822 2543 2206 2624 reliquiarum
2229 2562 2500 2604 mearum
2543 2546 2845 2610 uolumine

613 2661 825 2721 graeco
866 2652 913 2700 X
952 2654 1031 2703 XI
1084 2640 1544 2721 abhandlungen
1604 2639 1743 2714 113,
1788 2640 1866 2704 18
1929 2640 2305 2701 materialien
2355 2642 2386 2703 I
2431 2652 2510 2701 111
2555 2643 2696 2707 dixi.
2781 2647 2846 2708 in

614 2738 914 2800 codicibus
960 2741 1193 2819 integra
1238 2748 1529 2819 superest.
1618 2738 1806 2800 edidit

918 2850 1345 2913 octateuchum
1394 2850 1709 2931 Augustus
1753 2846 2136 2909 Dillmannus
2186 2848 2379 2914 1855:

915 2968 1121 3031 regum
1168 2972 1204 3007 α
1253 2960 1315 3012 et
1356 2949 1387 3031 β
1438 2948 1600 3010 idem
1641 2946 1837 3009 1861:

918 3047 1275 3127 psalterium
1315 3055 1458 3129 post
1502 3055 1564 3109 et
1605 3055 1747 3107 ante
1791 3045 1942 3107 alios
1987 3045 2096 3106 Iob
2141 3046 2432 3108 Ludolfus
2483 3046 2663 3111 1703.

622 3238 865 3321 syriaca
922 3239 1287 3320 hexaplariS.
1396 3238 1591 3300 notior
1639 3162 1819 3317 quiam
1875 3244 1944 3297 ut
1996 3254 2135 3297 mea
2185 3236 2586 3318 descriptione
2655 3249 2848 3321 egeat,

617 3346 941 3417 postquam
979 3338 1283 3400 Antonius
1328 3337 1590 3411 Ceriani,
1649 3335 1751 3416 qui
1803 3334 1945 3396 dum
1987 3334 2140 3395 haec
2184 3333 2399 3408 scribo,
2444 3335 2608 3399 ultra
2651 3338 2851 3399 Exodi

616 3436 717 3511 20,
781 3435 861 3499 26
929 3438 1189 3498 nondum
1259 3456 1613 3517 progressus
1673 3442 1801 3507 est,
1880 3433 2055 3493 edere
2111 3432 2340 3513 coepit,
2403 3434 2569 3496 cuius
2641 3444 2849 3516 partes

612 3534 979 3615 Norbergius
1020 3544 1083 3597 et
1118 3536 1389 3616 Bugatus
1433 3543 1493 3595 et
1534 3530 1694 3594 Skat
1736 3531 2045 3593 Roordam
2088 3531 2210 3593 iam
2261 3532 2737 3613 praeripuerant.

1463 3724 1662 3787 uersio
1700 3648 1984 3785 {liehana

618 3843 752 3885 cum
812 3843 1003 3904 neque
1058 3826 1138 3887 ad
1195 3824 1712 3904 mingarellianam
1764 3822 2050 3883 librorum
2097 3820 2492 3882 nanianorum
2537 3839 2730 3901 neque
2772 3823 2854 3883 ad

618 3922 888 3984 codicum
913 3922 1201 3985 Parhami
1238 3924 1692 3984 adseruatorum
1733 3920 2153 3983 curzonianam
2185 3918 2692 3981 enumerationem
2738 3920 2854 3981 ad-

617 4020 736 4082 itus
780 4019 1209 4101 Schleusingae
1257 4028 1488 4100 pateat,
1536 4019 1893 4081 oxonienses
1941 4026 2142 4079 autem
2188 4026 2250 4077 et
2284 4016 2534 4097 parisini
2580 4018 2852 4080 thesauri

618 4118 857 4198 publice
904 4118 1184 4180 recensiti
1232 4121 1494 4181 nondum
1549 4118 1690 4191 sint,
1750 4126 1915 4181 totus
1958 4117 2190 4197 pendeo
2254 4134 2287 4175 e
2335 4113 2580 4196 Georgii
2614 4117 2849 4197 Zoegae

621 4215 890 4277 codicum
943 4216 1363 4297 borgianorum
1424 4217 1720 4298 catalogo,
1783 4215 2016 4277 Romae
2072 4231 2229 4274 auno
2281 4211 2445 4276 1810
2491 4213 2672 4288 edito,
2732 4234 2850 4295 pa-

621 4313 772 4395 ginis
831 4313 952 4377 193
1004 4334 1152 4395 seqq
1196 4325 1260 4377 et
1321 4314 1463 4377 621.
1554 4322 1878 4395 supersunt
1929 4314 2285 4392 fragmenta,
2341 4310 2584 4391 quintae
2640 4320 2849 4394 partes

619 4413 743 4475 fere
789 4420 1047 4493 quatuor
1088 4413 1273 4475 totius
1314 4412 1538 4474 ueteris
1580 4410 1946 4473 testamenti.
