3169 4941
1305 420 1529 479 Genesis
1562 378 1654 479 4'1.
1844 458 1850 465 .
2491 424 2592 481 169

318 603 343 649 1
390 580 577 649 Ώκαὶ
632 575 805 650 εἶδον
862 579 1063 651 πάλιν
1108 581 1177 650 ἐν
1220 589 1315 672 τῷ
1358 580 1537 673 ὕπνῳ
1580 607 1731 669 μου,
1777 582 1913 679 ,καὶ
1957 581 2180 673 ὥσπερ
2225 579 2397 651 ἑπτὰ
2438 583 2592 651 στά-

374 711 521 768 χυες
575 679 918 773 ἀνέβαινον
962 686 1028 755 ἐν
1072 687 1365 773 πυθμένι
1408 684 1501 756 ἐνὶ
1545 682 1816 778 πλήρεις
1867 687 1978 756 καὶ
2036 686 2240 756 καλοί.
2335 686 2593 757 ῗθέἰλλοι

381 790 452 857 δὲ
492 785 663 857 ἑπτὰ
712 787 975 875 στάχυες
1020 791 1255 859 λεπτοὶ
1312 792 1420 859 καὶ
1474 784 1918 881 άνεμόφθοροι
1973 788 2320 881 ἀνεφύοντο
2363 792 2590 879 ἐχόμε-

383 920 481 962 νοι
524 892 753 962 αὐτῶν.
850 896 1028 964 2θ’νιαὶ
1078 878 1399 971 ,κατέπιον
1456 892 1520 963 οἱ
1566 893 1738 965 ἑπτὰ
1800 895 2062 981 στάχυες
2099 894 2164 965 οἱ
2207 896 2441 965 λεπτοὶ
2483 897 2593 965 καὶ

316 1022 347 1067 5
380 995 827 1089 ἀνεμόφθοροι
868 1001 1023 1081 τοὺς
1081 997 1252 1067 ἐπτά
1302 996 1580 1083 στάχυας
1622 999 1770 1081 τοὺς
1809 1001 2036 1082 καλοὺς
2076 1001 2186 1069 καὶ
2228 1001 2381 1082 τοὺς
2423 996 2592 1092 πλή-

381 1130 531 1189 ρεις.
588 1097 751 1171 εἶπα
794 1098 899 1173 οὖν
938 1109 1079 1185 τοῖς
1121 1104 1481 1195 ἐξηγηταῖς,
1528 1104 1642 1172 καὶ
1687 1102 1799 1175 οὐκ
1834 1100 1909 1196 ἦν
1953 1104 1988 1173 ὃ
2027 1098 2445 1193 ἀπαγγέλλων
2474 1131 2592 1193 μοι

380 1203 557 1276 αὐτό.
654 1212 715 1251 ²5
732 1208 845 1277 καὶ
903 1202 1086 1277 εἶπεν
1126 1202 1373 1300 Ἰωσὴφ
1412 1215 1508 1299 τῷ
1561 1204 1801 1299 Φαραῶ
1852 1209 1948 1278 Τὸ
1999 1207 2298 1278 ἐνύπνιον
2347 1209 2588 1298 Φαραώ

380 1311 445 1379 ἓν
486 1312 691 1381 ἐστιν·
756 1311 881 1381 ὅσα
925 1311 963 1383 ὃ
1007 1315 1172 1395 θεὸς
1214 1320 1429 1399 ποιεῖ,
1494 1312 1697 1397 ἔδειξε
1737 1320 1831 1403 τῷ
1880 1310 2138 1404 Φαραώ.
2237 1319 2296 1359 ²⁶
2311 1312 2383 1383 αἱ
2421 1312 2592 1383 ἑπτὰ

377 1416 527 1501 βόες
568 1415 638 1484 αἱ
684 1418 879 1485 καλαὶ
918 1415 1089 1485 ἑπτὰ
1130 1416 1241 1508 ἔτη
1284 1416 1457 1503 ἐστι’,
1514 1418 1627 1485 καὶ
1673 1416 1738 1485 οὶ
1781 1415 1952 1485 ἑπτὰ
1994 1418 2257 1503 στάχυες
2294 1416 2360 1488 οἱ
2403 1419 2594 1488 καλοὶ

279 1548 343 1593 10
376 1517 548 1588 ἑπτὰ
590 1520 699 1611 ἐτη
743 1520 916 1591 ἐστί·
960 1523 1036 1591 τὸ
1080 1520 1373 1591 ἐνύπνιον
1423 1522 1667 1613 Φαραὼ
1705 1520 1774 1589 ἕν
1816 1521 1973 1590 ἐστι.
2070 1528 2129 1566 ²⁷
2153 1523 2263 1591 καὶ
2305 1520 2375 1590 αἱ
2418 1520 2592 1593 ἑπτὰ

372 1624 524 1710 βόες
568 1623 637 1693 αἱ
679 1627 918 1695 λεπταὶ
962 1624 1032 1695 αἱ
1070 1624 1537 1713 ἀναβαίνουσαι
1580 1623 1804 1694 ὀπίσω
1839 1624 2042 1695 αὐτῶν
2085 1625 2256 1696 ἑπτὰ
2283 1626 2395 1717 ἐτη
2427 1627 2588 1715 ἐστί,

375 1730 485 1796 καὶ
542 1726 607 1797 οἱ
657 1726 829 1797 ἑπτὰ
870 1731 1133 1815 στάχυες
1195 1728 1259 1798 οἱ
1299 1730 1534 1799 λεπτοὶ
1596 1730 1708 1799 καὶ
1765 1728 2212 1823 ἇνεμόφθοροι
2267 1730 2440 1801 ἑπτὰ
2477 1730 2588 1823 ἐτη

376 1831 633 1916 ἐστι’[ν]·
680 1832 941 1903 ἔσονται
967 1833 1171 1903 ’ἑπτὰ
1190 1833 1299 1927 ἐτη
1328 1838 1528 1922 λιμοῑ.
1584 1840 1644 1879 ²⁸
1657 1835 1734 1905 τὸ
1776 1836 1850 1905 δέ
1889 1844 2076 1928 ῥῆμα,
2123 1834 2161 1907 ὃ
2191 1834 2409 1927 εἴρηκα
2444 1844 2583 1905 Φα-

377 1934 513 2025 ραώ
531 1960 546 1974 ·
591 1936 716 2007 ὅσα
758 1936 795 2008 ὃ
843 1939 1006 2020 θεὸς
1046 1946 1231 2007 ποιεῖ
1273 1938 1475 2023 ἐθειξε
1516 1948 1610 2029 τῷ
1664 1938 1924 2027 Φαραώ.
2007 1946 2064 1986 ²⁹
2080 1940 2221 2011 ἶδού
2270 1938 2441 2010 ἑπτὰ
2476 1940 2588 2033 ἐτη

275 2062 339 2109 15
376 2040 627 2129 ἔρχεται
686 2040 959 2134 εὖθηνία
1017 2046 1229 2134 πολλὴ
1287 2043 1354 2111 ἐν
1415 2042 1598 2136 πάσῃ
1657 2051 1735 2136 γῇ
1781 2042 2157 2134 Αἰγύπτου.
2253 2045 2459 2139 30ἥξει
2513 2048 2587 2117 δέ

375 2143 544 2215 ἑπτὰ
583 2145 695 2238 ἔτη
737 2152 927 2234 λιμοῦ
967 2148 1129 2233 μετὰ
1169 2154 1368 2217 ταῦτα
1382 2203 1398 2233 ,
1441 2151 1552 2217 καὶ
1592 2147 2016 2241 ἐπιλήσονται
2059 2156 2173 2241 τῆς
2215 2154 2584 2243 πλησμονῆς

372 2258 485 2341 τῆς
538 2248 847 2343 ἐσομένης
890 2253 957 2320 ἐν
1018 2252 1133 2343 ὅλῃ
1176 2250 1507 2343 Αἰγύπτῳ
1525 2308 1540 2337 ,
1606 2254 1718 2321 καὶ
1777 2251 2098 2323 ἀναλώσει
2158 2252 2194 2323 ὃ
2240 2256 2427 2342 λιμὸς
2468 2258 2584 2346 τὴν

371 2364 501 2446 γῆν.
596 2361 656 2399 ⁸¹
675 2357 789 2425 καὶ
828 2354 942 2425 οὐκ
978 2354 1546 2449 ἐπιγνωσθήσεται
1589 2356 1626 2449 ἡ
1674 2355 1947 2450 εὖθηνία
1991 2360 2109 2429 ἐπὶ
2151 2365 2265 2451 τῆς
2304 2366 2418 2452 γῆς
2445 2354 2584 2431 άπὸ

517 2553 547 2606 1
590 2552 717 2605 ιδον
750 2550 1137 2621 A[D=b]E
1192 2554 1201 2618 Ι
1256 2552 1287 2605 1
1319 2572 1436 2622 μου
1475 2562 1542 2613 >
1576 2555 1662 2607 mt
1712 2552 1720 2622 Ι
1777 2556 1806 2609 1
1850 2555 1976 2608 ante
2008 2573 2197 2630 ωσπερ
2232 2555 2297 2624 -Ι-
2334 2555 2461 2608 ιδου
2496 2572 2530 2611 a
2569 2555 2578 2626 Ι

373 2638 464 2707 2s3
502 2654 639 2708 quae
681 2640 823 2694 inter
858 2646 1153 2708 ανεβαινον
1185 2637 1219 2692 2
1256 2641 1310 2693 et
1342 2657 1574 2709 σταχυες
1607 2642 1641 2695 3
1676 2641 1883 2707 media,
1935 2652 2003 2702 >
2041 2642 2085 2696 E
2129 2643 2137 2710 Ι
2185 2643 2220 2696 2
2257 2645 2436 2702 Λλλος
2470 2664 2580 2716 φη-

374 2739 467 2779 σιν
510 2744 570 2780 εν
608 2729 837 2797 καλαμω
874 2743 954 2779 ενι
991 2743 1047 2779 m
1097 2726 1105 2795 Ι
1154 2725 1188 2778 2
1226 2746 1319 2779 και
1355 2736 1423 2786 >
1460 2744 1487 2778 z
1536 2727 1543 2794 Ι
1599 2728 1634 2780 2
1670 2729 1850 2800 αλλοι]
1889 2747 2068 2800 ετεροι
2104 2729 2185 2782 mt
2235 2733 2244 2797 Ι
2299 2731 2333 2785 3
2366 2731 2580 2802 λεπτοι]
2625 2741 2630 2746 “

374 2815 957 2887 ακυλαςΕφθαρμενοι
982 2826 1243 2866 καυσωνι.
1286 2828 1587 2885 συμμαχος
1609 2820 2010 2888 Πεφρυγμενοι
2037 2833 2249 2887 ανεμωι
2267 2833 2320 2870 m
2351 2817 2360 2882 Ι
2391 2817 2426 2870 3
2444 2834 2582 2888 εφυ-

378 2917 504 2952 omo
546 2899 654 2962 Ea,
708 2917 1011 2973 ανηρχοντο
1057 2900 1138 2953 mt
1202 2900 1209 2967 Ι
1276 2899 1313 2952 4
1349 2919 1403 2951 οι
1453 2903 1647 2954 λεπται
1684 2918 1712 2952 z
1778 2901 1786 2970 Ι
1852 2902 1886 2956 5
1933 2921 2059 2962 τους
2090 2903 2312 2956 tertium
2362 2912 2430 2962 >
2465 2904 2516 2958 D
2569 2905 2577 2975 Ι

375 2984 459 3054 5s6
496 2988 706 3060 πληρης
738 2986 789 3040 D
833 2987 842 3056 Ι
882 2988 915 3040 6
954 3003 1115 3040 ειπον
1148 3003 1177 3038 z
1222 2985 1229 3056 Ι
1274 2988 1307 3041 6
1341 2989 1466 3054 post
1501 3005 1600 3040 ουν
1644 2988 1709 3055 -Ι-
1743 3003 1883 3042 πασι
1919 3005 1950 3042 z
1994 2989 2001 3058 Ι
2057 2991 2089 3043 6
2124 3009 2239 3049 τοις
2275 2992 2581 3060 εξηγηταις]

374 3069 615 3141 „Aquila
647 3089 790 3145 προς
825 3093 953 3133 τους
988 3087 1355 3147 κρυφιαστας.
1417 3073 1766 3142 Symmachus
1801 3079 2060 3148 μαγους“
2095 3075 2128 3130 b
2185 3079 2194 3145 Ι
2261 3079 2295 3132 6
2334 3082 2579 3148 απαγελ-

372 3161 485 3211 λων
516 3175 603 3224 m,
644 3161 977 3230 απαγγελων
1012 3177 1039 3211 z
1071 3159 1079 3228 Ι
1112 3161 1143 3212 ’7
1180 3179 1318 3212 amo
1352 3169 1420 3219 >
1456 3160 1555 3214 AD
1582 3161 1699 3232 [Gn]
1723 3163 1881 3216 Emtz
1926 3162 1933 3231 Ι
1979 3161 2066 3232 7-[8
2103 3179 2238 3233 quae
2273 3164 2415 3219 inter
2450 3185 2512 3218 το
2551 3168 2582 3219 ’7

374 3245 431 3298 et
464 3265 665 3320 φαραω
700 3246 736 3299 8
768 3247 972 3312 media,
1009 3256 1077 3306 >
1114 3249 1139 3300 t
1178 3247 1185 3314 Ι
1228 3248 1264 3302 8
1299 3263 1523 3314 ποιησει
1558 3264 1594 3302 a
1638 3250 1646 3317 Ι
1688 3249 1722 3302 8
1760 3250 1971 3312 εδειξεν
2005 3251 2054 3303 A
2080 3250 2220 3321 [ΒΡ]
2245 3251 2289 3305 Ε
2321 3253 2330 3321 Ι
2359 3253 2394 3305 9
2433 3267 2584 3307 εστιν

372 3331 576 3396 Amic,
614 3347 720 3385 εισι
751 3335 927 3396 amt²‚
966 3348 1111 3386 εισιν
1144 3336 1208 3386 13¹
1230 3332 1237 3403 Ι
1260 3335 1293 3388 9
1328 3354 1385 3386 οι
1418 3335 1594 3403 prius]
1643 3356 1702 3388 αι
1735 3334 1838 3407 1319
1861 3335 1938 3389 fin
1961 3334 2199 3408 §ndc'zl9
2235 3353 2502 3407 σταχυαις
2523 3338 2579 3410 t!

374 3420 441 3472 10
474 3422 599 3488 post
616 3437 705 3486 ετη
741 3418 944 3473 habent
979 3435 1129 3472 εστιν
1162 3419 1313 3485 AEc,
1349 3435 1457 3474 εισι
1482 3424 1662 3486 amtss,
1705 3438 1848 3476 εισιν
1869 3425 1897 3475 t
1918 3428 1936 3457 ¹
1966 3426 1975 3490 Ι
2010 3424 2076 3477 10
2098 3442 2160 3476 το
2186 3441 2446 3478 ενυπνιον
2471 3444 2582 3495 φα-

373 3525 485 3575 ραω
522 3523 581 3558 εν
605 3521 720 3559 εστι
741 3505 869 3564 >Ε
900 3509 909 3573 Ι
940 3504 1009 3561 10
1044 3524 1104 3559 εν
1143 3508 1291 3560 εστιν
1312 3506 1417 3560 Aet
1434 3513 1480 3572 1,
1521 3526 1581 3561 εν
1605 3522 1783 3561 ενεστι
1807 3509 1857 3562 D
1875 3509 1990 3578 [Gn]
2012 3549 2025 3572 ‚
2065 3527 2185 3563 εστι
2211 3511 2406 3564 omisso
2433 3528 2494 3564 εν
2513 3528 2542 3562 z
2569 3510 2578 3581 Ι

376 3591 441 3644 11
478 3613 537 3645 αι
571 3595 769 3646 λεπται
801 3595 929 3662 post
966 3612 1146 3662 αυτων
1180 3595 1335 3662 ponit
1372 3613 1399 3646 z
1442 3597 1450 3661 Ι
1496 3597 1562 3651 11
1606 3615 1664 3648 αι
1699 3595 1928 3650 alterum
1963 3607 2030 3656 >
2064 3613 2097 3651 a
2140 3598 2149 3666 Ι
2201 3599 2265 3654 11
2301 3598 2415 3668 ετη]
2455 3612 2579 3665 εστη

375 3677 423 3731 Α
456 3677 715 3746 [Baberus
752 3680 809 3734 in
846 3680 1117 3734 uolumine
1142 3680 1223 3734 IV
1256 3683 1426 3749 tacet]
1456 3680 1471 3751 Ι
1504 3683 1565 3736 11
1609 3696 1759 3735 εστιν
1791 3680 1990 3748 ADEc,
2032 3700 2176 3738 εισιν
2209 3687 2296 3750 tl,
2334 3700 2444 3739 εισι
2480 3686 2576 3757 1:²1

378 3766 529 3837 12s13
569 3785 709 3820 επτα
746 3785 834 3833 ετη
872 3783 1021 3822 εστιν
1056 3778 1124 3826 >
1163 3767 1212 3821 Α
1254 3769 1263 3833 Ι
1310 3768 1375 3824 13
1417 3784 1534 3822 εστι
1568 3767 1666 3834 ab,
1707 3786 1854 3822 εισιν
1889 3773 1916 3824 t
1946 3773 1954 3837 Ι
1987 3773 2054 3826 13
2089 3775 2218 3827 ante
2257 3788 2475 3826 εσονται
2513 3776 2578 3840 -Ι-

377 3872 468 3906 και
504 3869 538 3905 a
602 3853 611 3922 Ι
679 3854 745 3907 13
782 3856 943 3924 λιμος
977 3855 1106 3908 Emt
1159 3855 1168 3921 Ι
1223 3857 1291 3910 13
1326 3857 1450 3924 post
1482 3875 1634 3928 ρημα
1665 3858 1730 3923 -Ι-
1770 3858 1886 3926 ’μου
1923 3876 1951 3910 z
1993 3857 2002 3926 Ι
2059 3858 2126 3912 14
2166 3874 2272 3912 οσα
2308 3875 2478 3929 usque
2513 3861 2582 3915 ad

374 3959 573 4012 φαραω
609 3949 678 4000 >
713 3941 741 3993 t
770 3940 779 4008 Ι
811 3941 879 3996 14
914 3955 1139 4007 ποιησει
1177 3957 1210 3994 a
1240 3943 1249 4010 Ι
1282 3944 1351 3997 14
1386 3943 1600 4003 εδειξεν
1633 3943 1778 3996 ΑΒΕ
1810 3945 1819 4014 Ι
1851 3944 1920 3999 14
1953 3964 2028 4015 τῳ
2062 3955 2128 4005 >
2168 3963 2222 4000 m
2252 3949 2261 4014 Ι
2310 3946 2375 4002 15
2411 3953 2578 4014 eve-n-

373 4045 465 4080 νια
500 4030 676 4094 πολλη
718 4046 940 4101 ερχεται
964 4029 1009 4082 Ε
1038 4029 1049 4098 Ι
1080 4029 1147 4084 15
1183 4046 1441 4103 ερχονται
1464 4029 1545 4083 Dz
1576 4031 1586 4098 Ι
1619 4031 1685 4085 15
1719 4039 1950 4086 ευθυνια
1977 4050 2003 4085 z
2035 4035 2044 4098 Ι
2077 4033 2146 4088 15
2168 4050 2322 4100 παση
2361 4053 2448 4101 τηι
2484 4054 2581 4103 γηι

371 4116 477 4178 mt,
528 4115 605 4168 nil
639 4114 747 4169 nisi
779 4135 843 4183 τη
878 4116 953 4180 Ε,
988 4119 1129 4168 πᾶσι
1162 4120 1235 4186 γῆ
1271 4133 1301 4170 z
1332 4118 1339 4180 Ι
1375 4117 1440 4173 15
1477 4135 1730 4186 αιγυπτω
1762 4116 1904 4172 ΑΒΕ
1937 4123 1946 4186 Ι
1979 4120 2045 4175 15
2079 4123 2179 4186 ηξη
2215 4139 2242 4172 z
2273 4124 2282 4187 Ι
2315 4122 2382 4176 16
2418 4124 2582 4192 λιμος

371 4203 453 4254 mt
482 4203 490 4267 Ι
525 4203 590 4256 16
615 4204 1081 4270 επιλησθησονται
1116 4201 1165 4256 Α
1191 4203 1263 4273 [D
1282 4202 1425 4272 =b]
1474 4205 1483 4269 Ι
1527 4203 1594 4259 17
1637 4223 1733 4272 της
1767 4219 2030 4276 εσομενης
2064 4214 2132 4264 >
2165 4204 2322 4271 ADc,
2361 4226 2452 4274 της
2485 4226 2580 4277 γε-

374 4306 607 4359 νομενης
640 4303 671 4341 z
734 4291 743 4354 Ι
810 4291 876 4344 17
912 4291 1037 4358 post
1067 4308 1159 4356 της
1200 4291 1265 4358 -Ι-
1302 4308 1443 4362 μετα
1499 4309 1670 4343 ταυτα
1715 4294 1796 4345 mt
1864 4293 1874 4358 Ι
1940 4292 2004 4346 17
2052 4295 2152 4366 ολῃ
2191 4303 2259 4353 >
2298 4294 2433 4365 [D‘?]
2460 4295 2504 4348 Ε
2566 4295 2576 4366 Ι

377 4376 442 4431 17
478 4374 753 4444 αιγυπτῳ]
793 4395 857 4442 τη
892 4395 965 4446 γη
1000 4395 1251 4447 αιγυπτω
1290 4375 1388 4431 AD
1427 4376 1508 4446 [in
1546 4394 1650 4447 quo
1685 4397 1748 4446 τη
1783 4394 1923 4433 nuno
1965 4378 2222 4451 deletum]
2240 4421 2254 4446 ‚
2303 4401 2376 4453 γη
2414 4403 2576 4454 ‹nyv-

375 4481 497 4515 πτω
527 4462 655 4516 Emt
692 4461 893 4530 [”πτωι
914 4463 963 4533 t]
978 4501 993 4527 ,
1054 4483 1125 4535 γη
1162 4483 1442 4536 αιγυπτου
1475 4481 1535 4520 cz
1564 4469 1573 4534 Ι
1608 4465 1676 4522 18
1705 4483 2074 4538 επιγνωσεται
2105 4484 2161 4524 m
