3169 4941
1318 434 1542 489 Genesis
1576 436 1668 491 43.
2497 442 2597 496 181

309 610 335 653 1
370 586 547 675 ὑμῶν
589 588 626 658 5
671 591 1049 681 πρεσβύτης,
1098 584 1173 660 ὃν
1218 590 1451 661 ε’ίπατε
1483 591 1633 661 ’Έτι
1679 596 1784 686 Cf),-
1837 594 1977 663 2⁸02
2017 596 2092 665 δὲ
2114 592 2310 666 εἶπαν
2351 596 2600 685 ‘mei-

369 720 462 761 νει
510 691 547 761 5
590 699 755 774 παῖς
800 716 915 762 σου
961 692 998 762 5
1042 696 1256 786 πατὴρ
1298 695 1481 787 ἡμῶν
1497 750 1514 780 ,
1558 697 1659 773 ἔτι
1706 700 1796 789 ζῇ
1859 700 1972 767 καὶ
2009 694 2194 768 εἶπεν
2235 700 2600 794 Εὐλογημέ-

369 823 481 878 νος
518 795 554 867 5
586 795 950 886 ἅνθρωπος
992 799 1233 880 ἐκεῖνος
1272 804 1367 889 τῷ
1409 805 1569 891 θεῷ.
1634 803 1744 869 καὶ
1773 804 2098 893 κύψαντες
2125 807 2602 896 προσεκύνησαν

369 897 560 993 αὐτῷ.
658 908 717 947 ²⁹
746 896 1133 993 ἀναβλέψας
1190 904 1263 972 δὲ
1312 910 1453 985 τοῖς
1518 898 1898 995 ὀφθαλμοῖς
1943 902 2135 975 αὐτοῦ
2172 906 2437 1000 Ἰωσὴφ·
2463 905 2597 978 εἶδε

303 1026 333 1073 5
368 1006 683 1091 Βενιαμὶν
743 1006 857 1074 τὸν
929 1004 1209 1097 ἀδελφὸν
1280 1004 1480 1075 αὐτοῦ
1557 1010 1670 1079 τὸν
1739 1008 2129 1102 ὁμομήτριον
2146 1065 2163 1095 ,
2235 1012 2349 1079 καὶ
2407 1007 2596 1080 εἶπεν

373 1105 574 1192 Οὗτος
618 1108 655 1179 5
700 1107 986 1200 ἀδελφὸς
1026 1110 1205 1197 ὑμῶν
1235 1108 1273 1181 5
1316 1109 1649 1202 νεώτερος,
1709 1109 1782 1181 ὃν
1823 1112 2058 1183 εἴπατε
2101 1116 2271 1205 πρὸς
2311 1116 2395 1201 μὲ
2432 1114 2594 1203 ἀγα·-

364 1221 530 1303 γεῖνς
570 1215 685 1282 καὶ
726 1208 915 1282 εἶπεν
947 1212 1023 1283 ‘0
1061 1217 1225 1296 θεὸς
1267 1213 1526 1307 ἕλεήσαι
1570 1239 1675 1302 σε,
1737 1218 1978 1287 τέκνον.
2075 1219 2480 1310 ιο·()«<Ξτιιιράχ«.9·ι]
2519 1220 2596 1288 δὲ

358 1313 631 1410 Ἰωσήφ·
688 1318 1147 1407 συνεστρέφετο
1192 1319 1311 1408 γὰρ
1356 1322 1440 1388 τὰ
1501 1318 1739 1408 &nava
1783 1320 1983 1391 αὐτοῦ
2026 1323 2146 1391 ἐπὶ
2188 1328 2282 1412 τῷ
2327 1316 2593 1413 ἀδελφῷ

364 1421 559 1490 αὐτοῦ
575 1475 591 1506 ,
638 1422 752 1489 καὶ
796 1422 1000 1511 ἐζήτει
1040 1425 1345 1490 κλαῦσαι·
1384 1421 1704 1492 εἰσελθών
1732 1426 1805 1493 δὲ
1835 1424 1933 1506 εἷς
1957 1427 2034 1495 τὸ
2063 1432 2331 1512 ταμεῖον
2362 1424 2594 1495 ἔκλαυ-

266 1548 329 1594 10
364 1549 473 1593 σεν
531 1526 685 1593 ἐκεῖ.
780 1530 842 1572 ³¹
865 1525 979 1593 καὶ
1030 1526 1393 1616 νιψάμενος
1450 1528 1527 1597 τὸ
1587 1525 1952 1617 πρόσωπον
2009 1530 2296 1613 ἐξελθὼν
2340 1531 2594 1620 ἒνεκρα-

360 1626 661 1712 τεύσατο,
705 1630 819 1698 καὶ
858 1623 1011 1697 εἶπε
1052 1626 1414 1719 Παράθετε
1454 1628 1709 1719 ἷίρτους.
1769 1634 1956 1702 Μ’καὶ
2001 1632 2595 1723 παρέθηκαναῦτῷ

360 1730 541 1821 μόνῳ
556 1788 573 1817 ,
645 1736 757 1801 καὶ
800 1731 1037 1813 αὐτοῖς
1077 1736 1233 1801 καθ’
1277 1730 1567 1818 ἑαυτούς,
1639 1736 1748 1803 καὶ
1787 1740 1945 1823 Ιτοῖς
1986 1735 2397 1825 Αἰγυπτίοις
2449 1742 2594 1817 τοῖς

361 1840 819 1905 συνδειπνοῦσι
874 1840 1012 1922 μετ’
1066 1832 1259 1905 αὐτοῦ
1296 1839 1453 1906 καθ’
1492 1834 1758 1919 ἑαυτούς
1773 1864 1788 1878 ·
1863 1839 1937 1908 οὗ
1987 1842 2110 1931 γὰρ
2161 1840 2464 1909 ἐδύναντο
2526 1838 2592 1908 οἶ

345 1939 719 2029 Αἰγύπτιοι
765 1938 1139 2009 συνεσθίειν
1180 1942 1347 2026 μετὰ
1400 1946 1526 2008 τῶν
1559 1941 1878 2032 Ἐβραίων
1933 1942 2162 2034 ῗίρτους
2177 1968 2194 1982 ·
2267 1943 2597 2031 βδέλυγμα·

262 2064 325 2111 15
359 2046 482 2133 γὰρ
539 2045 683 2113 ἐστὶ
732 2050 873 2124 τοῖς
927 2042 1353 2132 Αἰγυπτίοις.
1453 2050 1513 2089 ³³
1530 2042 1857 2115 ἐκάθισαν
1915 2047 1989 2115 δὲ
2044 2045 2335 2116 ἐναντίον
2379 2040 2590 2130 αὐτοῦ,

360 2147 397 2219 5
444 2144 865 2237 πρωτότοκος
903 2149 1068 2215 κατὰ
1111 2148 1196 2215 τὰ
1237 2154 1558 2238 πρεσβεῖα
1603 2147 1801 2217 αὐτοῦ
1848 2150 1963 2217 καὶ
2007 2149 2044 2219 5
2086 2148 2398 2241 νεώτερος
2425 2150 2590 2238 κατὰ

358 2252 469 2341 τὴν
509 2249 776 2341 νεότητα
823 2243 1047 2319 αὐτοῦ·
1100 2250 1437 2333 ἐξίσταντο
1480 2253 1555 2320 δὲ
1601 2249 1667 2319 οὶ
1710 2250 2065 2341 ἄνθρωποι
2110 2253 2382 2334 ἕκαστος
2419 2256 2594 2344 πρὸς

360 2356 474 2424 τὸν
533 2348 817 2445 ἀδελφὸν
866 2348 1083 2423 αὐτοῦ.
1178 2358 1241 2399 ⁸⁴¹
1264 2350 1421 2445 ἦραν
1481 2356 1557 2423 δὲ
1607 2354 1878 2444 μερίδας
1957 2360 2115 2445 παρ’
2166 2351 2370 2425 αὐτοῦ’
2420 2359 2594 2446 πρὸς

479 2550 509 2603 1
529 2546 1016 2620 πρεσβυτεροςΑῙ)
1038 2546 1155 2617 [GR]
1183 2561 1267 2599 cm
1293 2546 1337 2615 [t
1354 2545 1499 2616 =b]
1526 2563 1616 2602 xz.
1641 2547 1688 2601 F
1706 2548 1770 2600 ut
1784 2546 2129 2602 uidetur=b
2160 2551 2171 2615 Ι
2203 2551 2232 2605 1
2258 2566 2352 2615 ετη
2373 2566 2404 2603 z
2435 2550 2444 2619 Ι
2477 2551 2508 2604 1
2531 2551 2590 2616 ζη

366 2676 398 2700 ,,
416 2651 479 2689 ex
503 2633 877 2689 emendatione
916 2649 1108 2686 manus
1132 2631 1443 2687 secundae“
1482 2631 1554 2697 A,
1597 2635 1690 2700 ζην
1713 2635 1830 2686 amt
1851 2637 1938 2699 ¹z,
1974 2635 2086 2695 ζειν
2107 2637 2136 2688 1;
2153 2639 2177 2672 ²
2206 2637 2219 2701 Ι
2249 2637 2278 2690 1
2306 2652 2467 2688 ειπον
2489 2653 2551 2688 xz
2579 2634 2590 2706 Ι

362 2722 399 2774 2
430 2739 589 2796 υμων
623 2721 651 2773 t
691 2719 701 2788 Ι
739 2719 828 2790 213
861 2722 1147 2787 ευλογητος
1182 2717 1281 2772 AD
1313 2719 1421 2788 [GR]
1450 2718 1630 2788 Facxy
1658 2722 1669 2786 Ι
1698 2721 1735 2774 4
1769 2739 1916 2790 αυτῳ
1952 2729 2020 2779 >
2043 2720 2164 2775 AFz
2196 2724 2206 2788 Ι
2247 2722 2284 2776 4
2319 2741 2414 2775 και
2449 2740 2587 2775 ανα-

362 2810 575 2874 βλεψας
610 2806 806 2860 omisso
844 2805 907 2858 δε
941 2823 969 2858 z
1000 2807 1009 2870 Ι
1039 2806 1076 2859 4
1112 2824 1285 2858 αυτου
1324 2814 1392 2864 >
1430 2803 1530 2859 AD
1560 2805 1676 2876 [en]
1703 2805 1816 2875 Fay
1843 2807 1856 2874 Ι
1886 2806 1923 2859 4
1957 2821 2142 2878 ιωσηφ
2161 2816 2230 2866 >
2250 2824 2340 2861 exz
2371 2808 2379 2876 Ι
2408 2808 2446 2860 4
2469 2807 2592 2859 ιδεν

359 2894 459 2947 AD
486 2893 601 2963 [en]
629 2909 689 2955 e,
722 2893 873 2945 ειδεν
906 2891 1096 2944 Ft11¹
1154 2894 1163 2957 Ι
1215 2892 1247 2944 5
1285 2897 1579 2962 βενιαμειν
1617 2891 1736 2957 AF,
1774 2902 1842 2952 >
1873 2908 1907 2944 x
1962 2891 1970 2961 Ι
2025 2893 2058 2947 5
2092 2895 2218 2947 ante
2252 2913 2346 2947 και
2387 2893 2452 2959 -Ι-
2491 2911 2590 2946 τον

359 2987 652 3048 βενιαμειν
685 2994 718 3031 x
770 2979 780 3046 Ι
833 2980 868 3034 5
908 2980 1034 3046 post
1068 2995 1229 3031 ειπεν
1265 2978 1331 3044 -Ι-
1372 2997 1559 3036 αυτοις
1595 2977 1643 3032 A
1708 2980 1717 3046 Ι
1784 2980 1817 3033 6
1855 2981 1982 3048 poet
2020 2998 2180 3038 ουτος
2215 2982 2280 3047 -Ι-
2320 2993 2474 3032 εστιν
2507 2977 2592 3032 Aa

362 3066 492 3134 [non
516 3064 608 3134 xy]
642 3067 650 3130 Ι
690 3066 723 3118 6
761 3081 865 3117 νεω
879 3107 892 3127 ,
944 3067 1067 3132 post
1106 3079 1243 3132 quae
1285 3063 1553 3118 elementa
1599 3065 1760 3119 unius
1797 3065 2052 3119 elementi
2087 3066 2326 3135 spatium
2362 3081 2593 3119 uacuum

356 3151 600 3214 uidetur,
639 3191 671 3214 ‚‚
688 3167 752 3204 ex
788 3150 1161 3204 emendatione
1198 3167 1391 3204 manus
1428 3152 1780 3220 perantiquae
1800 3157 1834 3182 “
1872 3152 1921 3206 A
1952 3153 1961 3218 Ι
1991 3154 2025 3206 6
2060 3169 2258 3206 ειπατε
2282 3170 2392 3228 προ
2429 3152 2594 3221 periit

356 3238 415 3292 in
435 3239 479 3291 F
510 3237 518 3306 Ι
550 3237 638 3305 617
662 3255 737 3306 με
774 3253 1013 3304 αγαγειν
1040 3237 1097 3289 et
1122 3238 1153 3290 7
1194 3253 1353 3290 ειπεν
1391 3257 1424 3290 ο
1462 3243 1597 3296 θεος
1630 3238 1836 3306 periere
1873 3237 1994 3292 inF
2025 3239 2033 3307 Ι
2065 3238 2097 3292 7
2130 3241 2340 3305 ελεησει
2363 3255 2394 3292 z
2423 3239 2432 3307 Ι
2464 3240 2496 3291 ’7
2525 3255 2591 3291 σε

357 3335 425 3385 >
451 3324 497 3378 F
528 3326 537 3389 Ι
567 3326 603 3380 8
626 3342 737 3396 γαρ
774 3330 841 3380 >
880 3321 990 3375 hm*5
1019 3321 1029 3393 Ι
1059 3322 1095 3375 8
1131 3323 1358 3392 εγκατα]
1402 3341 1594 3393 εντερα
1630 3323 1730 3378 AD
1772 3324 1889 3394 [GR]
1916 3326 2093 3393 Faexy
2109 3364 2123 3388 ,
2159 3327 2457 3394 σπλαγχνα
2493 3327 2589 3387 mt,

340 3407 529 3484 ,ἐνδον
552 3427 579 3462 z
594 3448 607 3460 .
646 3407 790 3473 „AA
814 3409 905 3462 LL
925 3427 993 3460 τα
1022 3411 1323 3478 σπλαγχνα
1340 3451 1351 3461 .
1388 3410 1445 3463 in
1471 3409 1594 3462 aliis
1619 3412 1704 3464 est
1722 3431 1790 3464 τα
1809 3428 1998 3485 εντερα
2016 3415 2048 3437 “
2073 3410 2134 3480 b!
2155 3410 2189 3463 9
2229 3414 2400 3476 εζητει
2424 3412 2590 3482 κλαυῇ

357 3511 455 3549 σαι
478 3495 527 3549 A
564 3511 730 3548 mann
759 3494 991 3548 secunda
1026 3494 1085 3547 in
1122 3511 1337 3558 rasura,
1376 3511 1511 3564 quae
1542 3511 1732 3550 rasura
1753 3499 1880 3564 post
1909 3499 1996 3562 εζη
2022 3496 2158 3560 tria,
2197 3497 2324 3564 post
2351 3497 2590 3547 κλαυσαι

357 3580 660 3651 quindecim
696 3581 963 3636 elementa
1004 3581 1116 3635 alia
1150 3581 1281 3634 olim
1320 3581 1582 3650 inscripta
1615 3580 1882 3637 habuerat
1941 3582 1949 3649 Ι
2013 3582 2048 3634 9
2083 3599 2346 3654 ταμιειον
2381 3578 2536 3632 Asz
2575 3579 2585 3650 Ι

356 3671 391 3722 9
422 3670 549 3722 ante
588 3670 855 3722 εκλαυσεν
891 3669 957 3736 -Ι-
995 3687 1163 3720 αυτου
1203 3684 1259 3721 ez
1314 3668 1323 3736 Ι
1380 3668 1448 3723 10
1486 3685 1598 3721 εκει
1636 3676 1703 3726 >
1741 3684 1770 3722 e
1822 3670 1833 3733 Ι
1887 3670 1956 3723 10
1992 3670 2120 3736 post
2167 3682 2484 3741 προσωπον
2519 3666 2585 3732 -Ι-

356 3774 524 3807 αυτου
558 3757 667 3808 mtz
700 3755 707 3822 Ι
742 3755 823 3807 11·
844 3770 1003 3806 ειπεν
1024 3752 1343 3807 Acht1x¹
1375 3755 1384 3818 Ι
1419 3754 1485 3808 13
1522 3754 1958 3807 συνδειπνουσιν
1993 3752 2322 3806 ADFemtx¹
2352 3752 2361 3821 Ι
2396 3752 2462 3806 13
2484 3769 2588 3821 μετ

358 3860 525 3894 αυτου
558 3851 627 3900 >
660 3857 745 3904 m,
783 3859 952 3892 αυτωι
991 3842 1018 3892 t
1072 3840 1080 3909 Ι
1138 3839 1206 3892 13
1238 3860 1304 3892 ου
1338 3858 1449 3914 γαρ
1487 3840 1775 3909 εδυναντο]
1819 3859 1913 3892 και
1951 3858 2062 3908 γαρ
2101 3860 2167 3893 ου
2203 3840 2470 3892 δυνανται
2501 3853 2530 3887 z
2569 3837 2578 3899 Ι

360 3928 427 3981 13
449 3928 729 3993 ηδυναντο
756 3943 810 3980 ο.
830 3925 1007 3979 D=b
1040 3926 1049 3994 Ι
1085 3925 1153 3978 14
1187 3944 1226 3994 γ
1264 3925 1413 3979 uocis
1452 3943 1742 3994 αιγυπτιοι
1761 3925 1821 3978 in
1844 3925 2100 3979 rasuraA
2131 3925 2139 3993 Ι
2174 3924 2241 3981 14
2263 3927 2588 3976 συνεσθιειν
2645 3929 2652 3934 “

358 4015 484 4067 ante
524 4032 719 4084 αρτους
759 4013 917 4080 ponit
948 4029 982 4065 x
1032 4014 1041 4082 Ι
1091 4011 1161 4068 15
1203 4026 1355 4064 εστιν
1387 4010 1533 4065 ADF
1559 4010 1768 4081 [t=b]
1797 4028 1831 4063 1
1852 4018 1870 4047 1
1925 4013 1934 4081 Ι
1990 4012 2060 4067 15
2090 4029 2212 4068 τοις
2244 4007 2586 4078 αιγυπτιοις]

358 4117 544 4156 amota
569 4099 620 4152 D
654 4101 661 4163 Ι
695 4099 762 4152 15
798 4101 923 4166 post
956 4115 1275 4168 αιγυπτιοις
1302 4099 1364 4162 -Ι-
1392 4115 1502 4156 πας
1538 4115 1756 4167 ποιμην
1788 4104 2082 4171 προβατων
2101 4095 2294 4150 Aamtz
2315 4094 2442 4162 [non
2461 4093 2548 4162 xy]
2570 4134 2584 4146 .

358 4184 491 4249 „ita
544 4184 632 4254 [ut
662 4183 722 4254 b]
775 4185 866 4238 LL
912 4185 1011 4240 UU
1065 4186 1121 4238 et
1172 4184 1421 4237 Ioannes.
1460 4183 1876 4252 Chi-ysostomus
1933 4185 1992 4236 et
2044 4181 2382 4250 Augustinus
2395 4185 2427 4209 ‘⁴
2475 4179 2510 4233 b
2573 4179 2582 4248 Ι

360 4270 428 4324 15
467 4277 768 4323 εκαθεισαν
804 4269 927 4336 AF,
964 4277 1231 4324 εκαθισεν
1265 4270 1316 4323 D
1344 4268 1459 4338 [GR]
1492 4267 1501 4338 Ι
1552 4270 1620 4323 15
1657 4286 1908 4322 εναντιον
1943 4287 2116 4322 αυτου
2148 4268 2276 4337 post
2313 4285 2480 4319 αυτου
2521 4265 2586 4319 16

356 4356 407 4409 D
451 4354 566 4425 [Gn]
636 4357 643 4424 Ι
716 4357 781 4410 15
818 4374 1061 4410 ενωπιον
1095 4374 1125 4408 z
1194 4356 1203 4425 Ι
1267 4355 1335 4410 17
1372 4358 1666 4423 εξησταντο
1705 4371 1788 4408 cm
1837 4357 1846 4423 Ι
1895 4355 1962 4410 17
2000 4374 2056 4408 οι
2091 4360 2389 4428 ανθρωποι
2425 4361 2495 4412 >
2530 4369 2587 4405 m

361 4440 493 4509 [non
528 4441 631 4510 Dt]
670 4442 681 4510 Ι
727 4441 794 4497 18
825 4443 1031 4516 μεριδα
1066 4442 1116 4495 A
1140 4443 1213 4510 [D
1232 4465 1301 4488 =
1320 4441 1379 4512 b]
1404 4443 1486 4496 mt
1534 4443 1545 4508 Ι
1594 4443 1663 4498 18
1697 4460 1812 4516 παρ
1848 4450 1918 4500 >
1953 4441 1986 4495 b
2005 4450 2074 4484 ¹¹¹⁸
