3169 4941
2477 425 2581 481 211

549 586 1139 676 Δωδεκαπροφῆτου
1186 596 1357 657 3750
1426 592 1627 673 [3000
1672 594 1981 654 secundum
2024 593 2409 667 Nicephorum
2423 638 2441 669 ‚
2484 595 2584 668 qui

633 703 764 772 post
804 699 1110 760 Danielem
1150 696 1338 777 ponit]

549 804 738 863 Isaiae
784 806 954 866 3800
1042 803 1244 883 [3800
1288 804 1597 865 secundum
1641 799 2052 880 Nicephorum]

549 909 882 968 Hieremiae
929 911 1100 970 3800
1188 907 1389 988 [4000
1435 909 1744 969 secundum
1787 904 2197 985 Nicephorum]

549 1014 774 1073 Baruch
820 1015 948 1075 350
1035 1012 1194 1093 [700
1238 1014 1546 1074 secundum
1593 1009 2007 1090 Nicephorum]

549 1117 812 1191 Epistula
863 1119 1199 1180 Hieremiae
1258 1121 1385 1178 200

550 1222 908 1282 Threnorum
953 1224 1080 1282 360

547 1327 868 1386 Ezechielis
913 1328 1084 1387 4000
1174 1325 1267 1406 [ut
1306 1326 1690 1407 Nicephorus]

549 1430 810 1490 Danielis
859 1432 1024 1491 1708
1114 1429 1314 1510 [2000
1359 1432 1669 1492 secundum
1710 1428 2152 1509 Nicephorum]

549 1536 805 1609 seqnitur
860 1535 922 1593 in
979 1535 1177 1596 codice
1221 1536 1536 1598 colbertino
1590 1531 2001 1612 ἓτελέσθησαν
2065 1529 2146 1593 τὰ
2210 1530 2427 1610 βιβλία
2473 1535 2585 1611 τῆς

637 1637 904 1708 παλαιᾶς
923 1630 1231 1716 διαθήκης
1248 1641 1329 1713 κβ
1350 1635 1508 1699 κατὰ
1526 1634 1634 1699 τὸν
1657 1632 1934 1718 ἀριθμὸν
1953 1640 2078 1697 τῶν
2099 1633 2242 1718 παρ’
2259 1621 2584 1718 εΕβραίοις

1441 1099 1474 1298 }
1536 1172 1679 1253 [non
1721 1176 1977 1236 nominat
2019 1171 2399 1252 Nicephorus]

637 1738 978 1818 στοιχείων.
1036 1744 1310 1802 τοσαῦτα
1367 1739 1484 1826 γὰρ
1547 1740 1679 1804 ἔστι
1733 1737 1875 1823 παρ’
1937 1737 2144 1813 αυῒοῖς
2187 1747 2458 1819 στοιχδῖα
2499 1733 2583 1812 ὥς

636 1843 1005 1926 προείπομεν
1060 1845 1268 1925 [codex
1323 1845 1740 1928 προὲίπωμενε
1814 1849 2026 1908 Daniel
2079 1864 2317 1908 numero
2371 1847 2454 1922 κβ
2495 1849 2582 1906 in-

635 1949 935 2030 signitur]
993 1955 1251 2027 sequitur
1308 1954 1459 2028 apud
1502 1954 1887 2029 Nicephorum
1946 1943 2100 2028 ὁμοῦ
2161 1952 2273 2028 τῆς
2315 1950 2583 2020 παλαιᾶς

636 2048 944 2133 διαθήκης
977 2053 1192 2132 βιβλία
1237 2053 1424 2117 εἴκοσι
1474 2050 1619 2119 δύο.

548 2163 760 2236 excipit
825 2160 1007 2221 uerba
1064 2162 1230 2222 modo
1289 2162 1484 2222 adlata
1553 2164 1617 2221 in
1690 2159 1885 2223 codice
1956 2162 2274 2223 colbertino
2338 2156 2583 2240 βιβλίον

634 2260 869 2344 ἐσθὴρ,
922 2283 1033 2340 quo
1076 2283 1223 2341 quae
1267 2284 1363 2326 res
1407 2272 1750 2328 enarrentur
1792 2268 2126 2342 exponitur,
2181 2266 2287 2327 sed
2328 2265 2585 2341 synopsis

631 2372 797 2431 huius
840 2372 1041 2430 ultima
1084 2371 1485 2431 desiderantur
1501 2417 1514 2430 .
1574 2372 1768 2431 elucet
1823 2371 2030 2430 librum
2071 2371 2359 2430 Estherae
2414 2386 2584 2430 cano-

636 2478 726 2537 nis
754 2476 1150 2537 Hebraeorum
1195 2494 1308 2537 non
1351 2477 1526 2537 fuisse
1570 2494 1681 2552 quo
1726 2482 1982 2555 tempore
2022 2477 2084 2535 hi
2124 2476 2344 2536 indices
2386 2477 2585 2551 graeci

637 2582 1062 2644 scribebantur:
1108 2582 1310 2642 Iudaei
1345 2599 1477 2641 eum
1506 2582 1580 2641 ab
1626 2577 1823 2673 Πίᾐιζι
1863 2589 2076 2669 ηςξξζι
2116 2580 2272 2671 ἰρξις
2312 2581 2585 2654 scriptum

637 2704 766 2746 esse
827 2687 1065 2747 tradunt
1079 2732 1092 2745 .
1165 2687 1300 2746 uide
1360 2703 1507 2761 quae
1567 2687 1643 2746 de
1702 2662 1923 2762 origine
1980 2695 2160 2766 tir-jab
2207 2687 2441 2760 exposui
2483 2702 2586 2761 ge-

638 2793 935 2856 sammelte
995 2790 1435 2867 abhandlungen
1485 2794 1643 2867 161,
1692 2793 1775 2851 24
1833 2808 2013 2866 usque
2068 2791 2144 2851 ad
2192 2791 2349 2866 165,
2396 2793 2475 2851 21
2524 2796 2587 2850 et

635 2914 784 2972 quae
842 2897 916 2956 de
975 2905 1243 2959 annunt-t
1303 2907 1418 2958 17³:
1487 2897 1575 2970 (ut
1642 2896 1937 2971 uulgatum
2006 2895 2294 2956 scribendi
2358 2895 2584 2955 modum

638 3003 868 3075 sequar)
925 3007 989 3060 et
1045 3001 1312 3061 Iohannis
1360 3006 1395 3062 7
1413 3046 1431 3077 ,
1477 3004 1558 3062 37
1622 3018 1656 3060 e
1699 3002 2008 3063 Persarum
2064 2998 2346 3061 aberezan
2405 3001 2586 3076 expli-

640 3104 836 3165 candis
878 3106 993 3165 alio
1037 3105 1161 3166 loco
1205 3107 1560 3180 expositurus
1604 3122 1745 3166 sum.
