3169 4941
558 393 630 456 30

555 546 996 641 ἀναθυμίασις
1033 558 1350 639 fornacis:
1417 558 1582 645 quod
1642 578 1755 627 nos
1814 580 2111 646 uaporem
2172 560 2278 628 uel
2336 560 2583 629 fumum
2642 562 2777 632 siue
2814 575 2846 638 1

555 659 842 726 fauillam
881 680 1214 744 possumus
1261 662 1487 728 dicere.

729 769 812 830 Et
875 768 1135 830 ascendit
1193 768 1310 831 Lot
1381 769 1454 831 cle
1511 770 1699 852 Seyor
1758 776 1815 832 et
1886 771 2039 834 sedit
2103 775 2168 833 in
2228 777 2423 834 monte
2492 778 2551 834 et
2622 772 2777 834 duae

539 871 722 953 filiae
773 875 905 935 eius
955 893 1088 933 cum
1147 894 1243 937 eo:
1302 877 1504 935 timuit
1557 878 1713 935 enim
1772 875 1973 937 sedere
2032 879 2095 937 in
2140 875 2343 957 Seyor.
2437 875 2777 955 quaeritur,

552 992 745 1057 quare
763 1022 778 1053 ‚
849 994 992 1039 oum
1058 974 1332 1058 primum
1393 975 1581 1059 fugae
1650 978 1886 1041 montis
1974 976 2172 1059 Segor
2248 977 2621 1059 praetulerit
2708 980 2775 1043 et

555 1098 691 1144 eam
737 1079 803 1143 in
847 1078 1278 1144 habitaculum
1327 1099 1512 1145 suum
1558 1079 1836 1145 uoluerit
1891 1080 2183 1157 liberari,
2241 1100 2408 1145 nunc
2455 1080 2530 1145 de
2576 1080 2774 1165 Segor
2808 1098 2844 1153 5

549 1201 800 1249 rursum
879 1183 960 1247 ad
1033 1186 1314 1251 montem
1378 1184 1656 1267 migret?
1770 1183 2281 1267 respondebimus
2348 1204 2567 1249 ueram
2634 1204 2771 1251 esse

547 1286 728 1352 illam
783 1286 1216 1351 Hebraeorum
1285 1288 1713 1353 coniecturam
1776 1286 1851 1351 de
1920 1287 2116 1373 Segor
2174 1286 2337 1371 quod
2411 1288 2772 1373 frequenter

551 1393 756 1457 terrae
799 1392 979 1455 motu
1023 1390 1285 1456 subruta
1303 1441 1318 1470 ‚
1372 1391 1528 1456 Bale
1575 1392 1851 1476 primum
1894 1392 1958 1455 et
2010 1393 2229 1474 postea
2278 1391 2513 1457 Salissa
2552 1392 2770 1477 appel-

548 1492 684 1561 lata
761 1493 876 1572 sit,
971 1493 1376 1577 timueritque
1435 1497 1556 1561 Lot
1628 1494 1839 1561 dicens
1912 1492 1981 1559 Si
2046 1514 2191 1561 cum
2262 1497 2505 1561 ceterae
2564 1496 2770 1561 adhuc

548 1598 734 1669 urbes
782 1600 1054 1676 starent,
1120 1598 1246 1663 ista
1291 1618 1472 1683 saepe
1519 1598 1820 1665 subuersa
1868 1600 1993 1675 est,
2061 1601 2293 1683 quanto
2339 1600 2543 1684 magis
2602 1620 2769 1667 nunc
2808 1615 2876 1669 10

545 1703 614 1767 in
656 1702 971 1767 communi
1019 1702 1201 1767 ruina
1262 1722 1388 1767 non
1449 1704 1687 1787 poterit
1745 1702 2042 1767 liberari?
2152 1704 2217 1767 et
2270 1704 2433 1769 hanc
2490 1706 2767 1772 occasio—

545 1824 692 1870 nem
745 1804 1140 1871 infidelitatis
1202 1806 1394 1871 etiam
1445 1806 1510 1871 in
1567 1806 1731 1871 filias
1794 1807 1994 1871 coitus
2057 1806 2298 1871 dedisse
2369 1798 2768 1891 principium.

546 1910 654 1995 qui
699 1911 865 1975 enim
913 1912 1154 1978 ceteras
1198 1910 1444 1976 uiderat
1489 1910 1707 1975 subrui
1739 1910 2031 1977 ciuitates
2068 1911 2133 1973 et
2176 1910 2337 1973 hanc
2366 1913 2532 1975 stare
2575 1930 2765 1995 seque

547 2014 650 2077 dei
694 2013 923 2079 auxilio
971 2015 1250 2092 erutum,
1307 2014 1524 2097 utique
1571 2014 1647 2077 de
1695 2033 1765 2078 eo
1786 2063 1801 2091 ,
1860 2011 2023 2097 quod
2074 2012 2193 2077 sibi
2240 2032 2603 2085 concessum
2650 2035 2765 2083 au-

547 2116 782 2195 dierat,
845 2117 1166 2203 ambigere
1207 2136 1333 2186 non
1379 2118 1614 2183 debuit.
1712 2117 1871 2183 illud
1913 2116 2139 2201 igitur,
2206 2118 2371 2202 quod
2414 2136 2529 2203 pro
2576 2138 2766 2188 exou-
2804 2137 2871 2191 15

545 2222 785 2287 satione
843 2222 1074 2289 dicitur
1133 2221 1408 2287 filiarum
1428 2271 1444 2301 ,
1502 2241 1574 2287 eo
1634 2222 1797 2307 quod
1855 2220 2219 2303 putauerint
2285 2219 2583 2285 defecisse
2642 2222 2762 2287 hu·-

543 2345 801 2393 manum
845 2346 1048 2411 genus
1095 2329 1160 2392 et
1201 2326 1342 2393 ideo
1390 2346 1534 2393 cum
1579 2328 1759 2411 patre
1805 2323 2291 2401 concubuerint,
2337 2343 2461 2391 non
2509 2328 2764 2395 excusat

543 2433 807 2516 patrem.

715 2534 998 2619 Denique
1023 2534 1301 2598 Hebraei
1347 2533 1512 2618 quod
1555 2533 1837 2616 sequitur
1876 2539 1932 2597 et
1971 2539 2223 2597 nesciuit
2267 2556 2403 2598 cum
2446 2536 2761 2600 dormiisset

540 2662 676 2706 cum
719 2661 790 2703 ea
832 2643 887 2702 et
915 2661 1050 2702 cum
1095 2644 1464 2704 surrexisset
1501 2642 1573 2704 ab
1606 2660 1671 2701 eo
1710 2637 2082 2726 adpungunt
2129 2636 2391 2721 desuper
2438 2638 2616 2722 quasi
2659 2640 2757 2702 in-
2795 2647 2867 2701 20

543 2743 838 2810 credibile
882 2745 948 2808 et
992 2743 1156 2826 quod
1207 2762 1421 2808 rerum
1465 2743 1694 2808 natura
1736 2761 1861 2807 non
1908 2741 2114 2826 capiat
2177 2741 2342 2808 coire
2402 2743 2758 2828 quempiam

541 2849 947 2914 nescientem.

710 2955 793 3016 Et
833 2956 1218 3034 conceperunt
1272 2952 1424 3014 duae
1467 2952 1650 3032 filiae
1699 2951 1818 3012 Lot
1882 2949 1953 3012 de
2002 2956 2183 3035 patre
2227 2972 2335 3014 suo
2351 3000 2368 3029 ,
2444 2955 2499 3014 et
2550 2957 2761 3034 yenuit

535 3060 934 3140 primoyenita
961 3055 1210 3136 filium:
1252 3060 1307 3118 et
1349 3059 1589 3118 uocauit
1626 3075 1835 3117 nomen
1892 3059 2022 3118 eius
2065 3055 2261 3118 Moab.
2367 3059 2480 3118 iste
2528 3061 2614 3117 est
2643 3077 2755 3138 pa-

485 3231 488 3236 ,
537 3166 628 3226 ter
666 3163 1074 3224 Moabitarum
1119 3180 1304 3242 usque
1346 3164 1410 3222 in
1451 3163 1603 3222 hanc
1646 3160 1819 3222 diem.
1924 3163 1980 3220 et
2022 3163 2217 3220 minor
2260 3163 2316 3220 et
2357 3163 2491 3246 ipsa
2528 3164 2758 3244 peperit
2792 3168 2863 3222 25

531 3265 735 3341 filium
779 3269 836 3326 ct
879 3268 1120 3326 uocauit
1165 3285 1373 3326 nomen
1415 3268 1546 3326 eius
1583 3263 1845 3326 Ammon
1863 3313 1877 3340 ‚
1923 3263 1990 3325 id
2032 3267 2118 3324 est
2143 3262 2327 3342 filius
2364 3265 2581 3346 populi
2620 3269 2753 3326 mei.

535 3372 664 3454 {pse
703 3374 788 3432 est
813 3375 996 3452 pater
1022 3369 1308 3450 filiorum
1348 3368 1625 3432 Ammon.
1711 3366 1900 3438 Moab
1942 3365 2391 3448 interpretatur
2436 3385 2509 3432 ex
2552 3367 2753 3450 patre,

536 3475 602 3537 et
651 3474 859 3537 totum
916 3491 1143 3536 nomen
1205 3471 1655 3555 etymologiam
1708 3471 1899 3535 habet
1918 3519 1933 3548 ‚
1986 3468 2261 3534 Ammon
2318 3489 2499 3548 uero,
2572 3471 2758 3536 cuius

539 3576 718 3660 quasi
781 3594 968 3640 causa
1037 3575 1310 3641 nominis
1376 3573 1661 3640 redditur
1726 3573 1894 3638 filius
1956 3573 2203 3656 generis
2264 3574 2391 3669 mei
2450 3573 2580 3638 siue
2657 3575 2755 3658 (ut

531 3680 762 3746 melius
807 3681 904 3746 est
959 3679 1026 3742 in
1070 3679 1366 3761 hebraeo)
1425 3678 1591 3742 filius
1634 3677 1848 3761 populi
1914 3677 2072 3756 mei,
2135 3677 2225 3742 sic
2268 3677 2588 3742 deriuatur
2603 3727 2619 3756 ‚
2680 3679 2754 3742 ut
2788 3691 2862 3744 30

671 3871 707 3925 3
743 3875 850 3924 Gen
889 3873 970 3934 19,
1005 3872 1076 3925 30
1106 3869 1114 3939 Ι
1147 3871 1212 3925 19
1251 3873 1361 3922 Gen
1397 3871 1480 3934 19,
1518 3871 1587 3925 33
1618 3871 1627 3939 Ι
1658 3871 1727 3924 23
1766 3872 1875 3920 Gen
1911 3869 1994 3934 19,
2032 3871 2103 3924 36
2140 3899 2209 3906 —-
2250 3868 2319 3924 38

673 4050 704 4103 1
751 4063 1079 4116 auaoyuacm
1141 4051 1483 4110 berolinensis,
1537 4063 1863 4116 anaoyuacm
1910 4049 2269 4110 scaphusanm,
2339 4059 2441 4096 ana
2490 4061 2749 4112 eyma‘rm

530 4139 869 4201 fficinqemis:
907 4137 1117 4184 correxit
1145 4135 1378 4199 -Eoeym-de
1417 4133 1426 4201 Ι
1469 4133 1504 4186 8
1543 4135 1722 4185 salissa
1756 4139 1843 4201 βγ,
1883 4133 2035 4183 salisa
2074 4151 2117 4202 φ
2150 4130 2159 4199 Ι
2205 4130 2366 4192 15116
2402 4134 2750 4183 excussatione

529 4241 575 4291 φ
617 4219 626 4289 Ι
673 4221 738 4274 17
777 4226 1006 4271 excussat
1042 4240 1086 4289 φ
1131 4219 1140 4288 Ι
1181 4219 1251 4274 20
1289 4235 1349 4271 ea
1383 4225 1471 4288 βγ,
1513 4238 1573 4272 eo
1612 4241 1657 4290 φ
1694 4221 1703 4288 Ι
1750 4219 1904 4284 2os21
1946 4217 2246 4283 ingredibili
2284 4237 2327 4287 φ
2372 4217 2383 4285 Ι
2424 4219 2491 4272 21
2528 4219 2752 4286 accipiat-

530 4307 1775 4380 50126ammonidest>cp125eot>cp
