3169 4941
581 393 653 452 20
1489 393 1719 456 Genesis
1754 398 1807 456 5.
1844 399 1896 455 6.

504 564 550 633 6
581 557 694 626 τὸν
729 553 888 648 Σήμ,
937 558 1050 626 τὸν
1075 557 1234 643 Χᾶμ
1249 612 1265 643 ,
1314 558 1428 626 τὸν
1465 552 1713 648 Ἰάφεθ.
1781 557 1930 625 ῑκαὶ
1974 555 2257 644 ἐγένετο,
2308 550 2499 644 ἡνίκα
2540 551 2813 644 ἤρξαντο
2848 581 2875 626 1

583 659 646 730 οἳ
687 660 1034 752 ἅνθρωποι
1079 663 1318 730 πολλοὶ
1377 660 1686 749 γίνεσθαι
1745 661 1863 729 ἐπὶ
1905 669 2020 751 τῆς
2079 666 2195 750 γῆς
2210 713 2227 743 ,
2306 658 2420 726 καὶ
2458 658 2815 747 θυγατέρες

584 762 1012 856 ἐγεννήθησαν
1057 759 1294 843 αὐτοῖς.
1392 763 1681 846 2ἶδόντες
1722 767 1795 833 δὲ
1832 761 1967 832 υἱοὶ
2008 767 2123 832 τοῦ
2165 767 2329 831 θεοῦ
2370 761 2488 842 τὰς
2528 763 2808 849 θυγατέ-

584 895 702 956 ρας
744 876 872 936 τῶν
911 862 1286 957 ἀνθρώπων
1330 868 1432 937 ὅτι
1473 866 1670 936 καλαί
1714 866 1879 936 εἰσιν
1896 921 1912 950 ,
1962 866 2200 953 ἔλαβον
2230 862 2483 945 ἑαυτοῖς
2513 871 2818 953 γυναῖκας

583 967 724 1040 ἀπὸ
764 977 998 1040 πασῶν
1044 963 1134 1039 ὦν
1176 971 1562 1055 ἐξελέξαντο.
1658 975 1685 1016 ³
1700 971 1813 1038 καὶ
1856 965 2008 1039 εἶπε
2056 968 2273 1061 κύριος
2319 967 2356 1040 ὃ
2392 971 2553 1050 θεὸς
2588 963 2683 1037 023
2725 969 2813 1058 μὴ
2850 995 2880 1040 5

581 1074 933 1164 καταμείνῃ
977 1075 1054 1143 τὸ
1099 1076 1353 1161 πνεῦμά
1392 1101 1517 1162 μου
1561 1075 1629 1142 ἐν
1662 1081 1805 1155 τοῖς
1841 1071 2225 1164 ἀνθρώποις
2266 1071 2525 1153 τούτοις
2567 1070 2661 1152 εἷς
2702 1073 2815 1140 τὸν

583 1177 792 1246 αἰῶνα
843 1178 954 1246 διὰ
1005 1179 1083 1247 τὸ
1140 1173 1307 1247 εἶναι
1364 1173 1596 1260 αὐτοὺς
1635 1175 1881 1269 σάρκας
1894 1201 1909 1216 ·
2018 1177 2283 1247 ἔσονται
2337 1177 2412 1246 δὲ
2466 1176 2536 1243 αἶ
2584 1174 2817 1266 ἡμέραι

585 1276 800 1349 αὐτῶν
843 1278 1073 1350 ἑκατὸν
1117 1279 1363 1350 εἴκοσιν
1407 1280 1534 1374 ἔτη.
1598 1289 1626 1326 ⁴
1641 1280 1707 1350 οἱ
1750 1283 1824 1351 δὲ
1864 1280 2160 1370 γίγαντες
2201 1276 2363 1371 ἦσαν
2398 1279 2518 1348 ἐπὶ
2560 1287 2675 1370 τῆς
2702 1281 2819 1369 γῆς

586 1384 658 1451 ἐν
694 1389 840 1464 ταῖς
885 1383 1153 1475 ἡμέραις
1196 1384 1474 1465 ἐκείναις
1488 1441 1504 1471 ,
1550 1387 1662 1454 καὶ
1689 1387 1829 1470 μετ’
1860 1386 2067 1454 ἐκεῖνο
2098 1383 2190 1464 ὥς
2218 1381 2295 1451 ἂν
2324 1379 2817 1473 εἰσεπορεύοντο

587 1485 649 1556 οἳ
695 1486 825 1561 υἱοὶ
871 1495 985 1558 τοῦ
1033 1496 1189 1558 θεοῦ
1234 1491 1405 1580 πρὸς
1459 1491 1578 1571 τὰς
1620 1489 1990 1579 θυγατέρας
2042 1494 2171 1556 τῶν
2230 1486 2601 1578 ἀνθρώπων
2618 1541 2634 1570 ,
2708 1484 2819 1553 καὶ
2856 1506 2920 1552 10

585 1593 939 1680 ἒγεννῶσαν
991 1592 1216 1676 αὑτοῖς
1231 1618 1246 1634 ·
1320 1595 1558 1662 ἐκεῖνοι
1616 1589 1781 1685 ἦσαν
1827 1591 1890 1663 οἱ
1946 1591 2238 1680 γίγαντες
2294 1589 2359 1660 οἱ
2408 1585 2522 1659 ἀπ’
2568 1589 2817 1689 αἰῶνος,

587 1692 652 1764 οἶ
712 1694 1060 1787 ἅνθρωποι
1123 1695 1187 1766 οἳ
1255 1694 1623 1784 ὀνομαστοί.
1754 1695 1951 1766 δῖδών
2012 1697 2086 1765 δὲ
2141 1697 2357 1786 κύριος
2417 1693 2455 1763 ὃ
2498 1694 2659 1775 θεὸς
2720 1691 2821 1761 ὅτι

589 1797 1106 1892 ἐπληθύνθησαν
1157 1799 1225 1869 αἱ
1281 1801 1508 1871 κακίαι
1560 1810 1693 1871 τῶν
1753 1799 2126 1892 ἀνθρώπιον
2178 1799 2301 1869 ἐπὶ
2342 1807 2457 1890 τῆς
2496 1807 2637 1890 γῆς,
2712 1799 2819 1866 καὶ

588 1994 678 2047 tra
713 2007 746 2046 a
769 2011 858 2046 και
887 1992 972 2056 20,
999 1995 1029 2048 1
1051 2008 1080 2046 c
1096 2033 1109 2046 .
1141 1992 1201 2046 in
1223 1993 1272 2045 A
1306 2033 1338 2056 „
1352 2008 1544 2046 manus
1569 2008 1755 2047 recens
1774 2033 1786 2056 ,
1826 2008 1963 2062 quae
1987 2006 2238 2046 numeros
2262 1990 2529 2059 capitibus
2554 1988 2817 2058 appinxit,

589 2079 718 2133 olim
745 2096 781 2142 ς
803 2079 863 2131 in
887 2079 1064 2147 spatio
1088 2095 1209 2133 raso
1239 2079 1330 2148 [ad
1352 2098 1446 2132 και
1473 2098 1693 2154 εγενετρ
1717 2080 1802 2143 20,
1821 2080 1872 2148 1]
1912 2080 2224 2146 scripserat,
2252 2078 2349 2132 sed
2371 2079 2585 2162 postea,
2620 2092 2677 2129 re
2698 2092 2820 2144 per-

587 2181 758 2234 pensa
773 2205 786 2229 ,
848 2164 1056 2234 scalpro
1093 2165 1258 2220 erasit
1275 2205 1288 2229 ,
1349 2168 1406 2219 et
1441 2167 1687 2235 superius
1728 2166 1817 2235 [ad
1850 2166 2070 2220 initium
2102 2180 2293 2218 uersus
2328 2165 2414 2234 13]
2454 2163 2733 2232 rescripsit
2746 2170 2779 2193 “
2808 2164 2816 2234 Ι

589 2253 656 2310 13
693 2271 786 2305 και
825 2252 976 2321 prius
1001 2262 1117 2312 >z
1148 2255 1157 2318 Ι
1189 2253 1256 2309 13
1282 2270 1351 2318 ην
1377 2271 1482 2306 νωε
1506 2252 1806 2317 AEabmrt,
1846 2270 2043 2318 vweqv
2066 2267 2123 2305 oz
2154 2252 2163 2320 Ι
2196 2252 2263 2306 13
2293 2269 2432 2304 ετων
2451 2255 2608 2314 >z¹,
2646 2249 2821 2318 prima

587 2355 751 2393 manu
788 2355 949 2407 super
977 2355 1194 2394 uersum
1230 2337 1474 2393 additum
1516 2337 1526 2408 Ι
1573 2339 1641 2394 13
1679 2353 2060 2392 πεντακοσιων
2104 2355 2239 2390 ετων
2273 2354 2301 2391 r
2354 2337 2363 2404 Ι
2420 2337 2487 2392 13
2528 2351 2823 2406 εγεννησεν

587 2425 728 2481 Art¹
771 2429 778 2493 Ι
823 2427 890 2481 13
927 2427 1053 2495 post
1088 2440 1345 2496 εγεννησε
1387 2427 1453 2494 -Ι-
1492 2443 1602 2480 νωε
1641 2424 1905 2479 AEomrtz
1949 2426 1958 2490 Ι
2003 2424 2071 2479 13
2101 2422 2161 2477 in
2194 2423 2438 2494 marg-ine
2470 2439 2501 2476 r
2533 2421 2673 2493 γυνὴ
2712 2425 2820 2476 νῶε

589 2513 802 2583 ἔμζαρα
839 2509 1094 2585 θυγάτηρ
1126 2512 1397 2585 βαραχιὴλ.
1433 2513 1833 2584 πατραδέλφου
1869 2508 2039 2563 αὐτοῦ
2084 2513 2094 2575 Ι
2144 2510 2211 2565 13
2247 2529 2363 2584 τρις
2393 2508 2442 2562 Α

730 2598 757 2650 1
795 2597 854 2650 in
877 2598 1124 2668 margine
1147 2614 1176 2650 r
1213 2595 1355 2669 σήμ·
1398 2594 1611 2667 ὅνομαε
1641 2594 1796 2668 χάμ·
1838 2592 2154 2668 θερμηρός,
2184 2593 2219 2662 ἢ
2246 2595 2525 2654 ἔκστασις.
2554 2590 2590 2660 ἢ
2614 2597 2821 2664 θέρμη,

584 2680 788 2753 ἰὀίφεθ·
839 2680 1168 2754 πλατυσμός
1197 2685 1206 2749 Ι
1239 2685 1271 2738 1
1302 2681 1515 2753 χαφ·Α
1556 2683 1566 2749 Ι
1608 2682 1642 2735 2
1677 2687 1968 2751 γεινεσθαι
2006 2680 2055 2734 A
2084 2680 2093 2748 Ι
2127 2680 2161 2733 2
2202 2698 2263 2734 εν
2295 2700 2359 2747 τη
2400 2699 2472 2749 γη
2506 2696 2537 2733 z
2574 2682 2583 2746 Ι
2628 2680 2663 2733 3
2699 2695 2822 2748 εγε-

587 2774 839 2835 νηθησαν
877 2766 925 2821 Α
942 2808 955 2832 ,
995 2766 1090 2821 sed
1128 2784 1292 2838 quum
1344 2784 1534 2823 uersus
1584 2767 1810 2837 syllabis
1863 2784 1955 2837 εγε
1996 2766 2365 2830 concludatur,
2416 2764 2563 2821 haud
2602 2764 2711 2819 seio
2749 2781 2821 2818 an

586 2852 828 2907 Baberus
843 2860 869 2867 “
903 2878 973 2899 -—-
1009 2872 1044 2906 ν
1079 2853 1387 2923 (euanidum
1422 2853 1675 2923 fortasse)
1714 2852 2163 2922 praetermiserit,
2208 2852 2528 2921 praesertim
2564 2868 2727 2921 quum
2762 2851 2822 2906 in

588 2937 1028 2994 adnotationibus
1081 2947 1438 3009 τγενηθησαν
1501 2940 1653 2995 illius
1706 2939 2035 2994 mentionem
2077 2954 2186 2992 non
2232 2938 2401 2993 faciat
2454 2942 2463 3005 Ι
2517 2940 2552 2993 3
2602 2937 2823 2997 ιδοντες

585 3025 918 3098 AEabmrtz,
973 3027 1187 3085 ειδοτες
1227 3042 1254 3079 o
1309 3029 1318 3092 Ι
1372 3027 1406 3080 3
1451 3029 1576 3095 post
1624 3027 1686 3079 δε
1724 3028 1790 3094 -Ι-
1831 3047 1889 3080 οι
1932 3025 2193 3079 AEemrtz
2248 3028 2257 3090 Ι
2310 3026 2345 3079 3
2395 3045 2513 3078 υιοι
2566 3023 2820 3087 abemrtz,

589 3115 820 3182 αγγελοι
875 3111 970 3165 ΑΕ
1001 3113 1010 3180 Ι
1041 3115 1074 3167 3
1110 3112 1310 3181 Aquila
1344 3112 1488 3181 apud
1525 3113 1560 3167 b
1599 3132 1713 3165 υιοι
1749 3130 1858 3165 των
1896 3118 2079 3176 θεων,
2136 3110 2483 3181 Symmachus
2522 3110 2725 3165 ibidem
2762 3130 2820 3163 οι

589 3216 703 3248 υιοι
735 3215 845 3250 των
881 3197 1354 3252 δυναστευοντων.
1391 3216 1419 3252 r
1441 3208 1512 3241 ¹¹⁵⁸
1553 3199 1659 3251 ἅκυ
1695 3202 1804 3251 τῶν
1838 3199 2052 3251 ἔθνῶνε
2089 3216 2159 3251 συ
2182 3203 2294 3252 τῶν
2322 3194 2769 3251 δυναστευόντων
2808 3194 2816 3267 Ι

586 3282 624 3335 4
657 3283 858 3334 καλαίν
891 3298 923 3336 a
955 3287 963 3350 Ι
992 3282 1030 3337 4
1068 3286 1194 3352 post
1235 3302 1454 3343 εαυτοις
1487 3286 1553 3352 -Ι-
1595 3302 1671 3343 εις
1705 3286 1786 3337 mt
1816 3285 1825 3353 Ι
1857 3285 1889 3338 5
1930 3286 2211 3356 εξελεξατσ
2247 3301 2275 3336 z
2306 3283 2317 3353 Ι
2348 3282 2381 3337 5
2413 3300 2571 3339 ειπεν
2602 3281 2781 3336 AEort
2808 3280 2816 3352 Ι

586 3368 621 3423 5
655 3386 840 3443 κυριος
874 3379 943 3429 >
982 3373 1009 3423 t
1062 3372 1072 3439 Ι
1128 3371 1213 3439 5s7
1251 3370 1343 3435 „L
1379 3371 1478 3425 U“
1529 3370 1675 3438 apud
1710 3370 1745 3424 b
1778 3389 1843 3423 ου
1888 3376 2193 3441 καταμενεῖ
2241 3388 2303 3423 το
2341 3386 2565 3439 πνευμα
2600 3388 2713 3439 μου
2760 3386 2820 3421 εν

584 3473 701 3514 τοις
738 3460 1061 3527 ανθρωποις
1099 3476 1312 3514 τουτοις
1348 3457 1444 3509 δια
1483 3477 1548 3509 το
1600 3475 1743 3510 ειναι
1795 3474 1992 3515 αυτους
2033 3471 2265 3528 σαρκας.
2326 3454 2677 3525 Symmachus
2714 3455 2819 3509 ibi-

587 3538 709 3594 dem
746 3560 811 3593 ov
849 3547 1028 3616 κρινεῖ
1059 3562 1121 3594 το
1159 3559 1382 3613 πνευμα
1417 3562 1530 3613 μου
1562 3562 1691 3601 τους
1729 3547 2059 3615 ανθρωπους
2095 3561 2359 3601 αιωνιως.
2409 3543 2469 3595 in
2506 3541 2751 3610 margine
2794 3559 2821 3595 r

587 3640 656 3678 συ
693 3626 758 3677 οὐ
791 3633 966 3700 κρίνει
1001 3626 1066 3680 τὸ
1109 3645 1330 3697 πνευμα
1367 3649 1485 3699 μου
1520 3626 1649 3687 τοὺς
1687 3634 2019 3701 ανθρωπους
2070 3632 2149 3686 εἰς
2194 3626 2489 3693 ἀιωνίους,
2544 3626 2639 3681 ubi
2671 3626 2820 3682 haud

587 3712 696 3765 scio
731 3728 802 3765 an
848 3717 926 3771 εἰς
976 3730 1138 3767 manu
1176 3716 1470 3768 recentiore
1491 3714 1753 3769 additum
1806 3714 1883 3767 sit
1936 3714 1945 3783 Ι
2000 3715 2087 3783 617
2138 3731 2217 3773 εις
2261 3733 2359 3767 τον
2400 3733 2574 3768 αιωνα
2612 3725 2680 3773 >
2719 3731 2752 3768 a
2807 3714 2814 3786 Ι

587 3795 620 3852 7
659 3817 856 3859 αυτους
889 3798 1197 3865 Eabomrtz‚
1237 3821 1404 3854 αυτου
1439 3802 1488 3854 Α
1526 3801 1536 3872 Ι
1579 3800 1615 3855 8
1649 3820 1716 3873 ρκ
1753 3820 1843 3866 ετη
1878 3818 1935 3864 r,
1988 3818 2077 3867 ετη
2113 3819 2179 3872 ρκ
2214 3816 2241 3853 z
2296 3799 2305 3870 Ι
2360 3800 2394 3854 8
2432 3816 2606 3854 εικοσι
2642 3799 2817 3854 AEot:

585 3884 726 3939 male
762 3901 825 3939 ex
861 3885 897 3938 b
937 3903 1111 3940 εικοσι
1148 3887 1458 3955 proferunt,
1512 3903 1677 3957 quum
1713 3886 1967 3941 distincte
2006 3903 2125 3940 oum
2167 3902 2255 3941 am
2301 3901 2518 3940 εικοσιν
2564 3886 2765 3941 habeat
2804 3886 2813 3958 Ι

585 3969 619 4023 8
657 3968 856 4038 Aquila
888 3973 1030 4025 teste
1071 3970 1107 4025 b
1143 3991 1197 4023 οι
1237 3989 1718 4056 επιπιπτοντεςᾉοι
1759 3979 1967 4040 βιαιοι,
2032 3971 2383 4040 Symmaohus
2434 3973 2577 4026 teste
2630 3971 2817 4025 eodem

585 4075 640 4108 οι
684 4055 941 4109 δυσιατοι
973 4062 1172 4125 βιαιοι,
1223 4057 1320 4111 ubi
1355 4057 1388 4110 b
1426 4074 1480 4109 οι
1521 4060 1583 4111 δε
1634 4075 1897 4127 γιγαντες
1946 4057 2111 4111 habet
2129 4096 2143 4109 .
2193 4057 2254 4111 in
2300 4058 2545 4127 margine
2581 4075 2610 4111 r
2656 4057 2727 4110 ἀκ
2760 4056 2817 4112 ὁι

585 4141 1013 4203 ἔπιπίπτοντεςε
1062 4158 1132 4196 συ
1166 4141 1221 4196 ὁι
1255 4150 1434 4213 βίαιοι
1490 4146 1499 4210 Ι
1554 4148 1589 4201 8
1624 4161 1893 4214 γηγαντες
1927 4143 1971 4197 Ε
2002 4144 2011 4211 Ι
2054 4142 2089 4197 8
2129 4156 2289 4196 εισαν
2321 4145 2350 4197 t
2396 4144 2405 4213 Ι
2460 4144 2494 4197 9
2529 4162 2637 4213 μετ
2673 4162 2816 4197 εκει-

584 4243 701 4279 νων
737 4245 766 4282 z
821 4230 829 4297 Ι
883 4228 916 4280 9
957 4243 1352 4302 εισπορευοντο
1387 4229 1431 4283 Ε
1488 4233 1496 4297 Ι
1554 4232 1618 4285 11
1658 4232 1973 4301 ἐγεννῶσαν
2006 4227 2337 4293 AEabmrtz,
2380 4230 2683 4299 ἐγέννησαν
2718 4246 2748 4285 ο
2798 4228 2809 4301 Ι

587 4310 651 4361 11
691 4312 878 4371 αὐτοῖς
913 4312 1008 4377 ab,
1045 4333 1229 4373 αυτοις
1259 4314 1332 4379 Ε,
1372 4314 1835 4385 savrol'cAcmrtz
1867 4315 1877 4387 Ι
1912 4317 1975 4371 11
2010 4316 2069 4368 in
2101 4315 2345 4385 margine
2381 4332 2409 4369 1·
2446 4336 2517 4369 ακ
2554 4316 2815 4370 δυνατοίε

586 4410 657 4448 συ
689 4402 866 4465 βίαιοι
919 4400 928 4467 Ι
975 4401 1044 4455 12
1077 4420 1132 4453 οι
1168 4399 1318 4469 prius
1353 4411 1422 4461 >
1458 4418 1541 4456 mz
