3169 4941
2530 461 2597 515 13

309 649 340 704 1
556 635 684 698 Fac
722 636 842 698 tibi
880 653 1083 697 arcam
1126 632 1198 695 de
1241 632 1426 714 liquis
1476 629 1807 714 quadratis.
1887 646 1999 711 pro
2048 624 2369 711 quadratis
2410 624 2602 708 lignis

378 741 754 803 bituminatis
799 737 1069 821 legimus
1115 736 1183 800 in
1226 735 1517 800 hebraeo.

553 844 853 926 Colliyens
879 843 1082 924 facies
1136 860 1339 904 aream
1385 845 1441 903 et
1485 843 1550 902 iu
1604 840 1799 902 cubito
1844 838 2279 900 eonsummabis
2326 855 2458 898 eam
2502 835 2599 898 de-

378 969 576 1031 super.
664 966 776 1032 pro
823 965 923 1024 θο,
987 945 1152 1029 quod
1199 946 1296 1010 est
1338 945 1623 1027 oolliyens
1658 941 1862 1022 facies
1912 961 2115 1004 arcam
2131 989 2147 1018 ‚
2206 939 2273 1003 in
2326 938 2599 1003 hebraeo

311 1057 347 1112 5
379 1050 570 1116 habet
613 1053 1014 1115 meridianum
1045 1050 1239 1129 facies
1282 1069 1458 1112 areae
1475 1097 1491 1126 ‚
1552 1044 1721 1130 quod
1765 1044 2161 1110 manifestius
2219 1042 2601 1126 interpreta-

381 1158 484 1220 tus
543 1157 639 1220 est
701 1153 1112 1238 Symmachus
1186 1151 1398 1216 dicens
1461 1145 1811 1236 διαφανεῖς,
1884 1150 2006 1215 hoo
2064 1150 2161 1213 est
2238 1145 2601 1225 dilucidum,

373 1260 567 1339 facies
605 1281 806 1338 arcae,
860 1259 1082 1323 uolens
1125 1257 1471 1322 fenestram
1508 1254 1816 1338 intellegi.

555 1367 639 1428 Et
677 1367 906 1448 quieuit
947 1384 1101 1446 aqua
1167 1368 1223 1426 et
1275 1362 1536 1425 reuelati
1573 1365 1713 1424 sunt
1754 1359 1963 1440 fontes
2004 1360 2209 1440 abyssi
2264 1362 2321 1420 et
2373 1363 2605 1421 catara-

383 1476 510 1533 ctae
539 1471 708 1534 caeli.
797 1486 911 1551 pro
954 1466 1256 1531 reuelatis
1298 1464 1576 1530 fontibus
1618 1463 1862 1529 clausos
1906 1465 1971 1528 et
2017 1463 2343 1527 obturatos
2391 1479 2604 1526 omnes

281 1597 351 1651 10
381 1574 760 1656 interpretes
803 1569 1280 1636 transtulerunt.
1385 1570 1451 1633 et
1490 1587 1603 1651 pro
1662 1587 1756 1646 eo,
1802 1564 1968 1651 quod
2028 1566 2309 1650 sequitur
2354 1571 2609 1629 cessauit

385 1700 540 1763 aqua
583 1697 764 1761 super
807 1681 1033 1739 terram
1081 1675 1144 1738 et
1200 1672 1444 1755 reliqua
1458 1722 1475 1751 ‚
1533 1672 1840 1755 scriptum
1885 1672 1983 1736 est
2026 1675 2081 1735 et
2136 1691 2415 1734 reuersae
2472 1675 2609 1733 sunt

384 1803 572 1866 aquae
609 1780 682 1842 de
719 1784 886 1842 terra
900 1827 915 1855 ‚
975 1782 1176 1841 euntes
1215 1781 1271 1840 et
1308 1781 1685 1843 reuertentes,
1784 1776 1937 1839 nota
1995 1772 2339 1839 secundum
2381 1772 2606 1839 Eccle-

386 1886 624 1950 siasten
665 1880 829 1966 quod
873 1903 1072 1945 munes
1111 1901 1299 1964 aquae
1342 1882 1529 1963 atque
1572 1881 1886 1945 torrentes
1927 1897 2041 1963 per
2086 1877 2365 1943 occultas
2412 1896 2606 1943 uenas

385 1991 464 2055 ad
498 1988 828 2055 matricem
868 1990 1146 2070 abyssum
1185 1986 1604 2051 reuertantur.

284 2105 351 2160 15
560 2095 702 2157 Post
767 2092 1164 2174 quadrayinta
1221 2092 1349 2154 dies
1407 2094 1647 2175 aperuit
1713 2090 1842 2154 Noe
1898 2093 2117 2153 ostium
2174 2109 2349 2153 areae
2364 2137 2381 2167 ,
2454 2088 2610 2171 quod

369 2197 528 2277 seuit
543 2246 561 2275 ,
599 2201 656 2261 et
693 2200 892 2260 emisit
938 2217 1186 2258 coruum
1201 2243 1218 2272 ,
1259 2200 1315 2258 et
1360 2216 1635 2278 eyressus
1674 2215 1789 2257 non
1839 2194 2024 2257 rediit
2068 2194 2146 2256 ad
2199 2215 2333 2257 eum
2348 2242 2366 2271 ,
2431 2193 2611 2256 donec

386 2306 716 2365 siccaretur
765 2320 919 2382 aqua
959 2300 1032 2362 de
1085 2304 1268 2362 terra.
1373 2316 1487 2382 pro
1547 2298 1709 2363 ostio
1764 2297 2042 2362 fenestra
2101 2296 2335 2381 scripta
2392 2299 2491 2361 est
2542 2295 2610 2359 in

388 2405 679 2470 hebraeo·
777 2404 842 2467 et
889 2400 964 2467 de
1009 2420 1196 2466 corno
1240 2402 1424 2467 aliter
1469 2402 1698 2466 dicitur
1786 2406 1984 2466 emisit
2028 2423 2278 2465 coruum
2324 2406 2379 2464 et
2420 2421 2610 2484 cyres-

388 2532 493 2574 sus
529 2514 616 2573 est
655 2513 860 2572 exiens
898 2513 954 2571 et
993 2513 1326 2587 reuertmw,
1370 2509 1548 2571 donec
1586 2512 1957 2571 siccarentur
2000 2526 2185 2589 aquae
2224 2506 2296 2569 de
2340 2511 2523 2569 terra.

285 2626 358 2681 20
565 2615 648 2677 Εἰ
687 2617 856 2676 erant
874 2613 1017 2694 filii
1052 2613 1180 2676 Noe
1194 2661 1211 2691 ,
1257 2616 1367 2695 qui
1401 2616 1632 2695 eyressi
1668 2617 1807 2675 sunt
1849 2612 1921 2675 de
1963 2632 2107 2674 arca
2122 2660 2138 2689 ,
2193 2597 2329 2675 Sebn
2346 2660 2363 2688 ,
2424 2610 2611 2673 Cham

390 2725 448 2783 et
495 2719 709 2800 Iafeth.
814 2716 1173 2799 frequenter
1219 2714 1390 2781 LXX
1443 2716 1822 2799 interpretes
1842 2765 1857 2795 ‚
1925 2734 2051 2780 non
2112 2712 2399 2778 ualentes
2453 2713 2609 2778 heth

388 2822 640 2887 literam
658 2870 673 2900 ‚
750 2839 908 2904 quae
985 2819 1302 2904 duplicem
1368 2820 1820 2903 aspirationem
1894 2820 2077 2884 sonat
2093 2867 2108 2897 ‚
2179 2818 2247 2882 in
2314 2835 2613 2900 graecum

391 2944 745 2991 sermonem
786 2926 1066 3003 uertere,
1127 2925 1229 2989 chi
1273 2942 1570 3008 graecam
1613 2923 1864 2989 literam
1911 2921 2318 3000 addiderunt,
2382 2923 2457 2986 ut
2496 2940 2611 2986 nos

394 3028 689 3094 docerent
717 3029 782 3093 in
821 3029 1008 3094 istius
1046 3028 1217 3094 modi
1261 3028 1587 3094 uocabulis
1632 3028 1911 3112 aspirare
1942 3025 2201 3092 debere:
2238 3025 2404 3089 unde
2450 3027 2516 3090 et
2544 3025 2611 3090 in

286 3147 358 3203 25
391 3133 710 3216 praesenti
753 3132 890 3197 colo
935 3132 1132 3199 Oham
1189 3132 1655 3198 transtulerunt
1690 3152 1805 3216 pro
1847 3150 1919 3197 eo
1964 3130 2129 3216 quod
2176 3131 2275 3195 est
2315 3129 2517 3206 Ham,
2575 3148 2613 3193 a

393 3254 515 3319 quo
587 3237 652 3301 et
707 3234 1036 3321 Aegyptus
1101 3254 1298 3317 usque
1379 3237 1563 3302 hodie
1624 3236 2080 3322 Aegyptiorum
2154 3233 2375 3318 lingua
2443 3234 2613 3301 Ham

395 3339 645 3405 dicitur.

569 3444 810 3507 Dizatet
864 3445 1010 3507 deus
1052 3445 1278 3525 lofam,
1335 3449 1394 3508 et
1443 3447 1664 3509 habitet
1714 3448 1779 3506 in
1836 3446 2238 3507 tabernaculis
2279 3443 2434 3507 Sem.
2537 3440 2611 3507 de

395 3547 542 3614 Sem
606 3546 916 3625 Hebraei,
983 3546 1058 3610 de
1119 3547 1324 3612 Iafeth
1372 3547 1643 3629 populus
1699 3547 1984 3630 gentium
2043 3545 2338 3611 nascitur.
2471 3545 2615 3630 quia

290 3672 363 3727 30
393 3652 590 3737 igitur
657 3650 790 3716 lata
850 3651 948 3715 est
1018 3649 1360 3716 multitudo
1420 3650 1840 3728 credentium,
1915 3670 1953 3715 a
2004 3648 2339 3716 latitudine
2359 3698 2374 3728 ,
2454 3668 2613 3733 quae

396 3757 602 3823 Iafeth
644 3754 874 3821 dieitur
889 3806 904 3835 ,
961 3755 1232 3820 latitudo
1289 3774 1515 3821 nomen
1575 3755 1838 3838 accepit.
1928 3755 2092 3840 quod
2152 3757 2364 3821 autem
2421 3755 2511 3820 ait
2560 3760 2615 3818 et

395 3863 615 3926 habitet
663 3865 728 3923 in
781 3861 1182 3923 tabernaculis
1237 3860 1374 3925 Sem
1392 3908 1408 3938 ‚
1487 3858 1562 3922 de
1618 3858 1798 3924 nobis
1853 3860 2293 3942 prophetatur,
2368 3859 2479 3941 qui
2546 3858 2616 3923 in

399 3964 748 4030 eruditione
786 3966 851 4028 et
881 3963 1145 4028 seientia
1187 3963 1641 4047 seripturarum
1680 3961 1881 4028 eiecto
1910 3962 2189 4029 Israhele
2229 3981 2572 4030 uersamur.

541 4113 570 4167 1
611 4113 1369 4181 oen6,1413e0n6,16
1411 4112 1497 4190 [s
1535 4114 1646 4165 een
1680 4112 1727 4174 s,
1767 4112 2006 4181 12110
2046 4112 2618 4182 Gen8,31131⁴3001

403 4200 664 4269 1‚7115
705 4200 814 4251 een
849 4199 1166 4269 aeneo
1204 4200 1398 4265 eene,
1440 4199 1649 4267 18128
1683 4200 1793 4252 oen
1828 4200 1878 4265 9,
1919 4202 1987 4256 27

542 4331 576 4385 6
611 4331 883 4384 dmum
920 4334 1256 4397 frisingensis
1281 4336 1432 4394 prior
1472 4330 1482 4401 Ι
1526 4331 1594 4386 16
1629 4330 1851 4384 reddiuit
1886 4350 1931 4405 φ
1974 4332 1987 4399 l
2038 4328 2104 4387 19
2136 4335 2187 4383 et
2222 4346 2326 4384 non
2359 4334 2617 4385 reuertens

399 4418 476 4485 β’
515 4416 526 4487 Ι
573 4417 642 4473 25
683 4416 796 4470 colo
830 4436 891 4491 φ,
925 4417 1040 4470 loeo
1076 4423 1152 4489 βγ
