3169 4941
2568 406 2605 463 9

318 580 350 638 1
386 568 587 635 oiatus
605 618 620 648 ‚
676 568 932 633 uultum
975 568 1254 634 demittis
1297 568 1364 633 in
1407 569 1686 634 terram?
1769 586 1975 633 nonne
2034 568 2090 633 si
2147 568 2305 641 bene
2362 569 2605 650 feceris,

385 673 739 739 dimittetur
775 672 895 737 tibi
943 691 1126 738 omne
1172 672 1473 738 delictum
1514 674 1715 750 tuum,
1760 672 1913 750 siue,
1960 674 2032 737 ut
2059 672 2451 739 Theodotion
2496 674 2605 754 ait,

382 780 736 862 acceptabae
781 782 926 856 erit,
985 777 1052 841 id
1099 779 1196 843 est
1254 796 1484 843 munus
1532 778 1729 861 ‚tuum
1796 775 2130 859 suscipiam
2149 825 2164 854 ‚
2223 779 2297 842 ut
2360 779 2607 862 suscepi

326 926 336 935 ·
382 881 597 947 fratris
667 881 808 945 tui?
931 879 1096 965 quod
1173 880 1227 946 si
1288 880 1454 946 male
1527 880 1763 964 egene,
1837 879 1983 946 ilico
2056 882 2385 965 peccatum
2458 884 2603 948 ante

315 994 350 1050 5
382 984 768 1051 uestibulum
814 986 996 1051 tuum
1040 984 1312 1064 sedebit,
1361 986 1425 1050 et
1465 983 1582 1050 tali
1616 984 1881 1071 ianitore
1913 985 2327 1051 comitaberis.
2383 1006 2607 1053 uerum

385 1089 528 1173 quia
569 1088 753 1155 liberi
797 1089 1040 1154 arbitrii
1083 1108 1182 1167 es,
1238 1107 1462 1155 moneo
1505 1090 1580 1153 ut
1635 1096 1760 1153 non
1820 1087 1915 1153 tui
1957 1091 2317 1172 peccatum,
2380 1091 2491 1156 sed
2531 1093 2605 1157 tu

381 1194 641 1277 peccato
689 1194 1044 1259 domineris.
1153 1193 1321 1276 quod
1363 1194 1576 1257 autem
1620 1192 1687 1258 in
1729 1192 1901 1259 LXX
1954 1192 2399 1279 interpretibus
2456 1195 2609 1261 fecit

385 1316 689 1375 errorem,
737 1297 899 1363 illud
943 1298 1060 1375 est,
1105 1297 1252 1379 quia
1296 1299 1645 1380 peccatum,
1686 1296 1754 1362 id
1799 1298 1896 1362 est
1938 1300 2179 1378 hatath,
2225 1298 2293 1362 in
2335 1299 2603 1366 hebraeo

383 1401 634 1486 generis
676 1401 1012 1467 masculini
1057 1403 1186 1480 est,
1244 1402 1310 1466 in
1355 1420 1582 1484 graeco
1628 1400 1941 1480 feminini,
2003 1403 2067 1467 et
2134 1402 2241 1485 qui
2295 1405 2605 1487 interpre-

279 1505 350 1559 10
380 1505 504 1571 tati
570 1508 748 1584 sunt,
819 1505 1169 1571 masculino
1244 1504 1403 1569 illud
1420 1554 1435 1584 ‚
1509 1507 1583 1571 ut
1655 1506 1791 1570 erat
1865 1505 1933 1569 in
1999 1505 2269 1571 hebraeo
2285 1557 2300 1586 ‚
2374 1527 2605 1592 genere

381 1608 864 1675 transtulerunt.

554 1715 638 1777 Et
695 1715 857 1777 dixit
912 1715 1062 1779 Cain
1107 1714 1185 1777 ad
1235 1714 1393 1779 Abel
1432 1714 1695 1793 fratrem
1746 1736 1940 1781 suum.
2032 1715 2436 1781 subauditur:
2513 1736 2603 1796 ea,

381 1836 542 1899 quae
601 1816 852 1883 locutus
909 1820 1006 1883 est
1067 1816 1372 1883 dominus.
1493 1817 1877 1901 superfluum
1952 1836 2099 1901 ergo
2164 1821 2484 1903 estquod
2537 1822 2605 1885 in

381 1919 920 1987 Samaritanorum
979 1923 1045 1986 et
1098 1924 1312 1987 nostro
1369 1921 1689 1987 uolumine
1741 1922 2051 2004 reperitur
2108 1929 2484 1989 transeamus
2540 1931 2606 1990 in

280 2029 346 2085 15
380 2046 672 2111 campum.

555 2131 763 2193 Omnis
801 2134 911 2213 qui
947 2132 1230 2194 occiderit
1275 2131 1426 2194 Cain
1441 2180 1457 2207 ,
1501 2136 1724 2214 septem
1772 2130 2070 2194 uindictae
2114 2134 2401 2197 exsoluet.
2490 2153 2603 2216 pro

381 2234 622 2317 septem
660 2232 956 2299 uindictis
986 2232 1221 2315 Aquila
1253 2236 1715 2317 septempliciter
1742 2233 2193 2317 interpretatus
2240 2237 2369 2314 est,
2418 2236 2602 2321 Sym-

380 2335 642 2401 machus
683 2342 1032 2421 septz‘mum‚
1106 2336 1499 2402 Theodotion
1553 2359 1665 2420 per
1708 2338 2161 2402 hebdomadem:
2238 2359 2423 2424 super
2480 2360 2603 2424 quo

381 2438 652 2523 capitulo
700 2442 873 2505 extat
917 2440 1188 2524 epistula
1230 2442 1448 2507 nostra
1491 2440 1570 2506 ad
1620 2440 1979 2525 episcopum
2022 2441 2388 2509 Damasum.

269 2556 344 2610 20
554 2546 636 2607 Et
683 2547 980 2610 habitauit
1031 2550 1097 2609 in
1137 2551 1304 2610 terra
1345 2546 1528 2609 Naid.
1632 2544 1796 2628 quod
1840 2545 2011 2610 LXX
2053 2546 2219 2612 Naid
2259 2548 2601 2615 transtule-

381 2648 560 2724 runt,
617 2646 686 2711 in
726 2648 997 2713 hebraeo
1041 2650 1180 2712 Nod
1218 2648 1477 2726 dicitur,
1538 2649 1603 2713 et
1645 2649 2096 2734 interpretatur
2157 2645 2599 2738 σαλερόμενος,

376 2750 444 2816 id
504 2753 602 2816 est
676 2750 992 2817 instabilis
1052 2754 1116 2818 et
1177 2752 1489 2818 fluctuans
1548 2771 1624 2816 ac
1695 2752 1859 2818 sedis
1914 2753 2210 2819 incertae.
2325 2777 2449 2822 non
2506 2761 2641 2824 est-

378 2853 576 2939 igitur
620 2856 793 2920 terra
836 2855 1032 2933 Naid,
1094 2857 1168 2920 ut
1211 2854 1443 2940 uulgus
1487 2857 1845 2922 nostrorum
1888 2858 2106 2940 putat,
2165 2859 2277 2923 sed
2320 2860 2602 2944 expletur

379 2959 692 3026 sententia
727 2959 862 3038 dei,
919 2960 1084 3044 quod
1125 2960 1249 3025 huc
1292 2963 1480 3042 atque
1518 2959 1675 3025 illuc
1717 2979 1921 3044 uagus
1964 2963 2029 3027 et
2070 2962 2373 3048 profugus
2418 2967 2601 3033 ober-

267 3075 340 3131 25
379 3061 565 3128 rauit.

550 3169 634 3230 Et
687 3172 930 3232 uocauit
983 3190 1192 3233 nomen
1252 3174 1382 3233 eius
1420 3169 1564 3234 Seth
1578 3193 1598 3231 .-
1651 3169 1980 3233 Suscitauit
2037 3175 2195 3233 enim
2252 3176 2409 3237 mihi
2456 3176 2603 3240 deus

375 3291 572 3334 semen
616 3272 790 3336 aliud
819 3293 942 3356 pro
965 3271 1156 3350 Abel,
1193 3293 1364 3356 quem
1404 3273 1620 3336 occidit
1662 3273 1829 3337 Cain.
1886 3270 2039 3337 Seth
2091 3275 2340 3357 proprie
2386 3273 2539 3342 θέσι
2548 3303 2599 3358 ς,

373 3373 440 3438 id
487 3376 584 3441 est
642 3375 870 3460 positio
887 3424 903 3452 ‚
970 3375 1216 3441 dicitur.
1324 3375 1470 3460 quia
1511 3375 1709 3459 igitur
1749 3375 2030 3457 posuerit
2090 3396 2235 3443 eum
2278 3379 2431 3445 deus
2484 3401 2599 3464 pro

373 3477 571 3556 Abel,
630 3481 964 3563 propterea
1007 3477 1192 3556 Seth,
1249 3479 1314 3544 id
1376 3481 1474 3544 est
1531 3478 1759 3561 positio
1778 3529 1793 3558 ‚
1856 3479 2228 3563 appellatur.
2334 3482 2599 3565 denique

269 3593 342 3647 30
375 3580 612 3664 Aquila
675 3587 732 3646 et
791 3587 1034 3648 uocauit
1105 3583 1311 3666 inquit
1378 3605 1587 3647 nomen
1643 3587 1775 3647 cius
1816 3583 1960 3647 Seth
2025 3584 2224 3648 dicens
2289 3590 2432 3669 quia
2488 3589 2599 3653 Po·

377 3691 503 3749 suit
543 3688 696 3749 mihi
735 3687 1011 3750 dominus
1055 3709 1249 3752 semen
1289 3690 1565 3776 alterum.

518 3897 584 3951 12
621 3898 731 3948 Gen
765 3898 814 3960 4,
849 3895 884 3951 8
915 3895 924 3966 Ι
959 3898 1024 3951 16
1059 3899 1170 3948 Gen
1203 3898 1254 3963 4,
1294 3898 1361 3952 15
1392 3895 1401 3965 Ι
1433 3898 1503 3952 20
1539 3899 1649 3948 Gen
1684 3898 1734 3960 4,
1777 3899 1845 3952 16
1877 3895 1886 3952 Ι
1917 3896 1985 3951 26
2023 3900 2134 3950 Gen
2172 3900 2221 3963 4,
2257 3901 2327 3956 25

518 4056 545 4108 1
585 4056 809 4108 demittis
847 4077 892 4125 φ
913 4099 925 4115 ,
968 4057 1184 4108 dimittis
1219 4062 1293 4125 βγ
1331 4054 1340 4126 Ι
1383 4057 1417 4112 8
1451 4057 1629 4108 haiath
1664 4076 1729 4126 y,
1770 4059 1953 4108 harath
1989 4063 2053 4124 β,
2103 4061 2268 4111 attath
2300 4081 2345 4131 φ
2390 4061 2399 4128 Ι
2445 4061 2512 4118 14
2548 4068 2601 4114 et

370 4144 428 4194 in
464 4147 640 4194 nostro
679 4164 724 4214 φ
765 4143 774 4210 Ι
819 4142 886 4197 18
922 4144 1251 4209 epdomadem
1285 4150 1346 4209 β,
1398 4144 1716 4210 eptomadem
1753 4163 1806 4212 γ,
1841 4144 2167 4196 ebdomadem
2206 4166 2251 4216 φ
2295 4148 2304 4214 Ι
2346 4149 2415 4203 21
2456 4151 2596 4201 Sale-

369 4229 406 4281 u
409 4246 616 4280 eeeeee
653 4250 697 4300 μ
762 4229 770 4298 1
835 4231 994 4290 24125
1030 4232 1289 4283 oberrauit
1323 4237 1413 4298 βγ,
1469 4231 1717 4282 oberrarit
1753 4250 1799 4301 φ
1838 4241 1883 4282 et
1910 4235 2137 4297 fortasse
2171 4252 2215 4302 μ
2232 4237 2279 4298 ¹,
2340 4236 2600 4288 oberraret

371 4317 454 4386 μ’
491 4315 502 4382 Ι
543 4315 611 4370 27
650 4329 828 4367 eccere
851 4320 1180 4384 frisinqemis
1203 4320 1352 4381 prior
