3169 4941
571 430 644 491 60

579 597 812 666 Genesi
857 598 1164 684 scriptum
1207 602 1306 667 est
1350 602 1490 667 achi
1525 605 1593 669 et
1630 622 1747 669 nec
1794 622 2055 688 graecus
2102 622 2307 671 sermo
2342 606 2443 671 est
2484 624 2602 671 nec
2644 605 2797 673 lati·
2850 623 2883 677 1

577 722 717 769 nus.
819 702 929 769 sed
985 706 1052 770 et
1106 704 1416 773 hebraeus
1473 704 1607 790 ipse
1653 710 1983 793 corruptus
2040 709 2173 774 est:
2224 707 2455 773 dicitur
2508 708 2677 774 enim
2732 714 2797 774 in

577 812 728 885 ahu,
786 808 906 874 hoc
965 810 1062 874 est
1115 808 1182 874 in
1240 809 1486 893 palude.
1577 809 1689 877 sed
1729 812 1876 895 quia
1930 831 1977 878 u
2033 811 2219 878 litera
2262 811 2429 895 apud
2470 813 2795 879 Hebraeos

577 913 646 977 et
713 931 740 977 1
813 912 1049 979 similes
1119 916 1268 979 sunt
1338 916 1402 979 et
1471 916 1727 983 tantum
1794 914 2229 999 magnitudine
2286 915 2610 995 differunt,
2680 935 2796 1001 pro

575 1020 698 1082 ahu
741 1020 850 1080 ahi
899 1016 1070 1083 LXX
1111 1016 1488 1103 interpretes
1525 1019 1991 1086 transtulerunt·
2030 1021 2096 1086 et
2140 1018 2485 1085 secundum
2530 1032 2795 1087 consue·
2848 1028 2883 1081 5

575 1119 862 1187 tudinem
907 1138 1088 1187 suam
1127 1119 1208 1188 ad
1251 1118 1724 1205 'exprimendam
1768 1123 2082 1208 duplicem
2148 1123 2593 1206 aspirationem
2638 1124 2795 1191 heth

573 1224 880 1291 hebraeae
923 1223 1144 1290 literae
1189 1225 1294 1290 chi
1335 1244 1633 1309 graecam
1676 1226 1926 1293 literam
1970 1226 2437 1313 copulauerunt.
2718 1278 2729 1289 .

753 1330 836 1391 Et
875 1330 1178 1413 respondit
1217 1331 1428 1413 Ioseph
1467 1332 1779 1395 Pharaoni
1828 1333 2027 1396 dicens
2070 1332 2213 1396 Sine
2256 1333 2363 1396 deo
2404 1354 2519 1395 non
2560 1352 2796 1416 respon-

575 1434 816 1499 debitur
859 1435 1128 1497 salutare
1167 1434 1490 1499 Pharaoni.
1590 1432 1657 1499 in
1698 1434 1966 1499 hebraeo
2014 1434 2200 1501 aliter
2265 1435 2463 1501 habet
2520 1439 2646 1499 eine
2701 1458 2796 1498 me

573 1538 722 1601 deus
763 1538 1135 1621 respondebit
1171 1559 1374 1621 paoem
1415 1539 1736 1602 Pharaoni.
1837 1538 2103 1621 denique
2156 1538 2569 1622 Symmachus
2616 1558 2793 1605 more
2830 1546 2901 1601 10

575 1658 688 1707 suo
731 1640 1012 1724 apertius
1061 1640 1392 1707 transtulit
1445 1664 1560 1707 non
1620 1664 1725 1726 eqo
1738 1691 1755 1720 ,
1803 1644 1907 1707 sed
1961 1644 2107 1709 deus
2154 1644 2531 1727 respondebit
2579 1665 2793 1728 paoem

575 1746 900 1810 Pharaoni.

747 1852 901 1913 Eece
964 1853 1184 1933 septem
1244 1851 1388 1912 anni
1447 1852 1685 1913 uenient
1744 1850 2140 1913 abundantiae
2198 1871 2449 1933 maynae
2512 1854 2579 1913 in
2632 1856 2797 1915 omni
2920 1908 2928 1917 .

573 1959 738 2017 terra
777 1952 1056 2036 Aeyypti.
1176 1950 1370 2017 miror
1430 1970 1550 2034 quo
1608 1952 1797 2017 modo
1858 1952 2123 2019 uerbum
2182 1953 2550 2019 hebraicum
2603 1958 2791 2032 sabee,

575 2056 739 2141 quod
783 2073 897 2121 nos
941 2074 1132 2139 supra
1171 2053 1619 2121 abundantiam
1664 2054 1797 2120 siue
1842 2055 2206 2122 satietatem
2243 2056 2310 2121 in
2353 2058 2564 2141 puteo,
2606 2076 2791 2141 quem
2828 2066 2897 2121 15

573 2160 868 2227 foderunt
933 2159 1284 2225 extremum
1356 2160 1524 2224 serui
1575 2161 1780 2238 Isaac,
1847 2160 2247 2245 interpretati
2304 2179 2520 2226 sumus
2535 2210 2550 2239 ,
2622 2180 2791 2227 nunc

571 2264 745 2331 LXX
797 2263 1150 2329 rectissime
1204 2263 1659 2329 transferentes
1676 2313 1691 2341 ‚
1758 2264 1851 2329 ibi
1908 2264 2332 2330 iuramentum
2388 2265 2792 2349 interpretati

573 2370 748 2434 sunt:
809 2386 955 2434 cum
1009 2368 1075 2433 et
1121 2366 1547 2433 iuramentum
1610 2370 1677 2434 et
1731 2369 1977 2451 'septem
2034 2370 2099 2434 et
2158 2369 2417 2435 satietas
2470 2370 2535 2434 et
2591 2368 2791 2435 abun-

575 2470 811 2550 dantia,
854 2473 1044 2558 prout
1075 2472 1253 2538 locus
1299 2474 1364 2537 et
1405 2469 1555 2537 ordo
1592 2470 2006 2555 flagitauerit,
2050 2470 2251 2556 possit
2284 2469 2591 2556 intellegi.
2680 2473 2791 2538 sed

572 2575 683 2641 et
665 2595 734 2640 111
733 2576 1295 2660 consequentibus„
1327 2575 1702 2658 ubicumque
1734 2575 2119 2642 abundantia
2142 2575 2395 2660 legitur,
2425 2576 2493 2641 in
2518 2575 2790 2642 hebraeo
2824 2587 2897 2642 20

569 2679 740 2745 idem
781 2681 1045 2746 uerbum
1091 2681 1394 2764 scriptum
1438 2679 1647 2746 habet.

743 2787 826 2848 Et
875 2789 1165 2850 clamauit
1217 2791 1351 2850 ante
1407 2807 1543 2849 eum
1602 2803 1857 2868 praeco,
1932 2787 1989 2846 et
2038 2786 2341 2848 constituit
2408 2805 2544 2847 eum
2610 2805 2791 2868 super

573 2911 802 2954 omnem
837 2895 1066 2953 terram
1105 2889 1381 2974 Aeyypti.
1469 2906 1582 2971 pro
1624 2905 1747 2972 quo
1796 2885 2032 2970 Aquila
2074 2886 2401 2952 transtulit
2458 2893 2516 2951 et
2570 2891 2790 2952 elama-

569 2998 662 3057 uit
723 2999 788 3056 in
847 2997 1152 3076 conspectu
1229 2997 1362 3056 eius
1415 2993 1983 3075 adyeniculationem
1998 3039 2014 3069 ‚
2100 2989 2516 3072 Symmachus
2582 2991 2789 3074 ipsum

569 3095 936 3162 hebraicum
989 3113 1340 3161 sermonem
1395 3095 1818 3178 interpretans
1878 3094 1969 3158 ait
2026 3099 2083 3158 et
2134 3097 2423 3159 clamauit
2470 3100 2607 3158 ante
2650 3117 2789 3159 eum
2822 3106 2894 3162 25

571 3203 800 3264 abrech.
885 3198 1053 3264 unde
1107 3199 1266 3264 mihi
1307 3198 1560 3264 uidetur
1602 3216 1727 3263 non
1782 3199 1917 3264 tam
1966 3216 2195 3281 praeco
2256 3198 2389 3264 siue
2446 3198 2786 3282 adgenicu-

567 3303 722 3370 latio
740 3352 755 3381 ‚
818 3322 977 3386 quae
1019 3303 1088 3368 in
1105 3313 1110 3316 ’
1129 3302 1462 3369 salutando
1508 3302 1615 3367 uel
1658 3300 1974 3368 adorando
2024 3303 2252 3385 Ioseph
2297 3301 2497 3386 accipi
2556 3302 2787 3386 potest,

565 3406 1008 3493 intellegenda,
1055 3427 1246 3492 quam
1260 3409 1268 3414 ’
1282 3405 1458 3485 illud,
1505 3405 1672 3489 quod
1712 3406 1987 3472 Hebraei
2025 3405 2305 3484 tradunt,
2351 3405 2630 3472 dicentes
2672 3424 2787 3490 pa—

565 3499 734 3578 trem
785 3515 1073 3578 tenerum
1117 3531 1191 3577 ex
1233 3512 1355 3577 hoc
1403 3527 1687 3575 sermone
1734 3509 2082 3575 transferri.
2171 3514 2243 3574 ab
2288 3509 2513 3593 quippe
2558 3508 2788 3594 dicitur

565 3618 747 3700 pater
761 3664 776 3695 ,
836 3620 976 3680 reeh
1033 3615 1336 3682 delicatus
1385 3613 1520 3679 siue
1565 3612 1943 3678 tenerrimus
1958 3660 1975 3691 ,
2028 3613 2426 3696 significante
2474 3613 2787 3697 scriptura
2820 3621 2895 3678 30

569 3717 734 3805 quod
797 3718 974 3784 iuxta
1032 3718 1434 3802 prudentiam
1489 3716 1745 3801 quidem
1800 3718 1981 3801 pater
2036 3716 2315 3782 omnium
2366 3715 2591 3794 fuerit,
2676 3715 2787 3782 sed

564 3822 738 3890 iuxta
783 3823 1058 3889 aetatem
1097 3820 1474 3888 tenerrimus
1520 3819 1887 3886 adolescens
1928 3822 1995 3886 et
2036 3838 2209 3903 puer.

707 3987 742 4040 8
783 3988 893 4038 Gen
927 3985 1012 4050 41,
1051 3986 1117 4040 16
1148 3984 1156 4053 Ι
1191 3985 1256 4040 13
1297 3986 1406 4036 Gen
1440 3983 1526 4046 41,
1565 3983 1635 4036 29
1664 3982 1675 4052 Ι
1704 3982 1775 4038 22
1812 3984 1921 4034 Gen
1956 3983 2045 4037 41.
2084 3983 2157 4038 43

709 4125 737 4178 1
777 4139 987 4190 graecus
1023 4130 1103 4176 est
1139 4139 1304 4176 sermo
1327 4129 1364 4190 β
1392 4123 1402 4190 Ι
1432 4123 1520 4185 23
1559 4124 1616 4174 in
1650 4124 1753 4174 hau
1774 4141 1821 4192 φ
1851 4121 1925 4188 13
1960 4138 2061 4173 uau
2084 4119 2149 4190 βΙ
2176 4122 2210 4176 3
2250 4122 2434 4188 palude
2464 4126 2735 4172 ultimume
2738 4133 2785 4172 st

565 4215 779 4272 aurbun»,
805 4215 938 4274 quod
955 4220 1098 4262 uetus
1123 4213 1358 4261 librarius
1381 4213 1560 4262 codicis
1586 4212 1883 4272 eoapnumm'
1906 4211 1961 4258 in
1982 4210 2071 4258 hoc
2098 4211 2223 4258 libro
2248 4212 2479 4270 eor-ipsit:
2568 4213 2787 4259 ‹mutim-a

565 4313 668 4346 non
701 4301 888 4348 contuli
917 4293 924 4366 Ι
955 4298 986 4350 7
1023 4297 1428 4361 conpulauerunt
1455 4313 1502 4366 φ
1529 4293 1624 4365 110
1659 4294 1989 4360 respondebit
2026 4293 2149 4345 deus
2182 4299 2219 4361 β
2246 4291 2253 4363 Ι
2287 4294 2415 4349 nr
2388 4309 2543 4359 reosp
2512 4295 2641 4345 ende
2640 4298 2663 4344 t
2686 4311 2739 4364 φ
2772 4291 2781 4363 Q

567 4381 638 4436 14
671 4381 789 4432 sabe
824 4399 869 4452 φ
889 4379 896 4452 Ι
917 4381 1172 4437 26.αδιο,ι·
1205 4387 1268 4452 β,
1311 4382 1496 4435 arboch
1533 4399 1579 4451 φ
1610 4379 1620 4451 Ι
1650 4381 1723 4438 30
1753 4380 1897 4434 rechi
1928 4384 1993 4449 β,
2028 4381 2151 4432 rech
2186 4399 2233 4453 φ
2264 4379 2274 4450 1
2304 4381 2375 4438 30
2412 4379 2657 4448 diligatus
2686 4398 2733 4453 φ
