3169 4941
2552 424 2622 481 69

329 606 361 660 1
400 596 458 657 et
494 591 708 675 factus
761 597 848 657 est
903 596 968 657 in
1020 596 1314 658 tributum
1370 596 1651 657 seruiens.
1774 591 1921 675 quia
1965 609 2155 674 supra
2200 589 2277 657 de
2340 589 2621 658 Zabulon

400 695 641 763 dixerat
700 696 865 779 quod
920 697 1112 762 maris
1169 697 1388 781 magni
1443 698 1610 761 esset
1664 694 1854 761 litora
1928 713 2373 778 possessurus:
2438 694 2619 761 Sido-

397 820 544 866 nem
589 818 834 883 quoque
893 803 958 865 et
1019 800 1296 885 reliquas
1341 799 1677 867 Phoenicis
1720 799 1908 865 urbes
1966 796 2393 883 contingeret,
2454 818 2621 865 nuno

399 903 476 969 ad
538 904 1066 971 mediterraneam
1121 904 1508 987 prouinciam
1555 904 1723 969 redit
1766 905 1831 969 et
1885 904 2190 981 Issaehar,
2246 903 2393 986 quia
2446 903 2621 968 iuxta

327 1012 364 1068 5
400 1009 724 1093 Neptalim
802 1008 1289 1092 pulcherrimam
1367 1008 1438 1073 in
1491 1006 1780 1074 Galilaea
1838 1007 2161 1093 regionem
2216 1024 2619 1090 possessurus

396 1117 494 1179 est
511 1164 526 1192 ‚
608 1113 1040 1180 benedictione
1099 1132 1214 1179 sua
1279 1112 1704 1178 habitatorem
1776 1111 1947 1178 facit.
2092 1110 2339 1176 asinum
2406 1112 2621 1176 autem

397 1236 648 1285 osseum
702 1219 894 1283 uooat
939 1219 1004 1282 et
1059 1234 1352 1283 umerum
1409 1216 1491 1283 ad
1550 1214 1928 1300 portandum
1973 1213 2286 1295 deditum,
2318 1214 2493 1309 ‘quia
2551 1215 2618 1281 in

394 1322 608 1389 labore
659 1322 866 1387 terrae
915 1326 982 1387 et
1035 1320 1340 1388 uehendis
1397 1320 1478 1387 ad
1532 1338 1707 1387 mare
1754 1318 2048 1387 oneribus
2068 1370 2083 1398 ‚
2147 1339 2307 1403 quae
2367 1320 2434 1384 in
2488 1320 2619 1385 suis

393 1426 626 1492 finibus
683 1425 1104 1491 nascebantur
1125 1475 1141 1504 ,
1215 1424 1560 1507 plurimum
1615 1423 1963 1503 laboraret,
2050 1422 2307 1509 regibus
2375 1441 2619 1508 quoque

293 1532 362 1587 10
395 1529 636 1597 tributa
679 1530 1095 1614 comportans,
1203 1529 1383 1595 aiunt
1419 1528 1697 1594 Hebraei
1744 1547 1856 1612 per
1898 1529 2335 1612 metaphoram
2375 1526 2619 1612 signifi-

395 1633 525 1699 cari
570 1632 736 1717 quod
777 1633 1121 1717 scripturas
1181 1633 1434 1699 sanetas
1481 1632 1582 1697 die
1633 1650 1709 1697 ao
1750 1634 1937 1698 noete
1978 1632 2292 1697 meditans
2340 1631 2621 1698 studium

395 1756 582 1804 suum
627 1736 868 1803 dederit
911 1736 990 1803 ad
1037 1736 1483 1815 laborandum,
1545 1738 1611 1802 et
1654 1734 1793 1803 ideo
1842 1736 1901 1801 ei
1944 1754 2159 1802 omnes
2220 1736 2423 1801 tribus
2484 1756 2620 1803 ser-

393 1842 610 1919 uiant,
657 1841 838 1923 quasi
875 1841 1182 1925 magistro
1230 1841 1394 1907 dona
1436 1842 1779 1923 portantes.

570 1946 714 2009 Dan
769 1946 1056 2010 iudicabit
1117 1948 1409 2030 populum
1477 1964 1648 2007 suum
1663 1994 1679 2023 ,
1754 1949 1908 2008 siout
1978 1964 2159 2008 unum
2231 1966 2309 2009 ex
2372 1949 2621 2029 soeptris

293 2054 360 2110 15
397 2053 648 2114 Israhel.
732 2051 855 2131 fiat
898 2051 1042 2114 Dan
1091 2052 1328 2114 coluber
1365 2054 1431 2113 in
1469 2054 1601 2127 uia,
1660 2051 1904 2132 reyulus
1958 2053 2023 2112 in
2065 2052 2297 2127 semita,
2344 2050 2620 2114 mordens

390 2156 644 2237 unyulas·
681 2158 817 2236 equi
828 2202 844 2231 ,
913 2158 972 2217 et
1013 2154 1181 2217 cadet
1225 2174 1497 2217 aeeon-ror
1541 2158 1667 2216 eius
1711 2157 2058 2217 retrorsum.
2144 2155 2409 2217 salutare
2452 2160 2618 2220 tuum

393 2259 710 2340 expectabo
725 2308 742 2335 ‚
824 2258 1073 2321 domine.
1207 2254 1472 2322 Samson
1541 2254 1730 2322 iudex
1791 2255 2032 2323 Israhel
2092 2255 2167 2323 de
2230 2257 2401 2323 tribu
2476 2259 2618 2323 Dan

392 2360 529 2425 fuit.
617 2361 738 2425 hoo
785 2378 934 2444 ergo
983 2359 1170 2425 dicit:
1231 2380 1398 2426 nuno
1438 2360 1663 2427 uidens
1705 2361 1772 2425 in
1818 2359 2042 2445 spiritu
2086 2379 2332 2426 comam
2376 2364 2617 2429 nutrire

393 2462 658 2529 Samson
711 2483 1048 2532 nazareum
1105 2467 1315 2544 tuum,
1373 2464 1572 2531 eaesis
1629 2464 1917 2531 hostibus
1976 2464 2363 2549 triumphare
2380 2517 2397 2546 ‚
2455 2466 2620 2550 quod

287 2573 360 2629 20
395 2569 462 2634 in
531 2567 1005 2634 similitudinem
1077 2568 1320 2634 colubri
1386 2569 1714 2654 regulique
1772 2568 2117 2635 obsidentis
2173 2571 2311 2636 uias
2370 2571 2615 2637 nullum

390 2692 512 2757 per
563 2673 804 2738 terram
860 2673 1102 2738 Israhel
1173 2674 1441 2739 transire
1499 2674 1831 2757 permittat
1846 2721 1862 2751 ‚
1932 2673 2041 2738 sed
2104 2675 2295 2740 etiam
2356 2675 2411 2740 si
2480 2677 2617 2761 quis

391 2777 764 2842 temerarius
822 2777 1059 2842 uirtute
1119 2795 1234 2842 sua
1295 2779 1474 2860 quasi
1541 2777 1687 2860 equi
1744 2777 2085 2850 uelocitate
2146 2779 2415 2846 confisus
2478 2800 2619 2846 eam

391 2880 667 2946 uoluerit
721 2879 1054 2965 praedonis
1095 2899 1269 2946 more
1313 2880 1602 2964 populari
1618 2930 1633 2958 ‚
1694 2881 1963 2966 effugere
2008 2901 2134 2946 non
2176 2883 2431 2950 ualebit.
2516 2887 2618 2950 to-

392 2986 534 3048 tum
587 2986 801 3049 autem
869 3003 981 3067 per
1048 2985 1484 3068 metaphoram
1539 2985 1847 3070 serpentis
1911 2988 1978 3050 et
2035 2986 2265 3071 equitis
2318 2986 2617 3072 loquitur.

289 3094 362 3150 25
397 3087 620 3153 uidens
661 3106 811 3172 ergo
857 3090 988 3154 tam
1033 3088 1265 3154 fortem
1321 3107 1662 3154 nazareum
1718 3092 1899 3156 tuum
1944 3088 2110 3173 quod
2168 3092 2233 3156 et
2277 3091 2411 3174 ipse
2471 3112 2618 3177 pro-

393 3193 536 3277 pter
577 3193 981 3258 meretricem
1024 3194 1314 3257 mortuus
1358 3194 1456 3258 est
1497 3195 1565 3259 et
1604 3193 1878 3258 moriens
1925 3197 2175 3260 nostros
2218 3194 2450 3262 oceidit
2494 3197 2619 3262 ini-

393 3297 593 3362 mioos
611 3345 627 3374 ‚
684 3296 906 3379 putaui
923 3344 938 3372 ‚
1001 3313 1036 3360 o
1085 3295 1268 3373 deus,
1325 3297 1536 3378 ipsum
1592 3315 1729 3362 esse
1776 3281 2100 3363 Christum
2156 3298 2359 3365 filium
2421 3303 2621 3379 tuum,

395 3419 618 3466 uerum
664 3399 811 3483 quia
852 3400 1140 3463 mortuus
1187 3400 1285 3464 est
1345 3401 1412 3465 et
1463 3419 1591 3465 non
1642 3400 1982 3466 resurrexit
2024 3403 2089 3466 et
2142 3421 2359 3468 rursus
2418 3406 2621 3489 eapti-

395 3523 514 3570 uus
571 3503 796 3567 duetus
843 3505 942 3567 est
981 3501 1252 3584 Israhel,
1321 3502 1481 3568 alius
1535 3503 1695 3568 mihi
1744 3503 2033 3578 {saluator
2090 3505 2311 3570 mundi
2370 3509 2436 3571 et
2492 3509 2621 3574 mei

293 3616 366 3670 30
403 3607 652 3693 generis
691 3604 1168 3690 praestolandus
1213 3607 1335 3683 est,
1385 3608 1460 3672 ut
1503 3607 1723 3672 ueniat
1765 3612 1870 3671 cui
1906 3613 2231 3693 repositum
2271 3615 2359 3674 est
2398 3615 2457 3674 et
2493 3616 2623 3697 ipse

397 3717 514 3776 erit
561 3715 890 3795 ooepeotatio
925 3714 1218 3794 yentium.

575 3815 716 3879 Gad
769 3816 1151 3878 latrunculus
1201 3816 1661 3879 latrocinabitur
1714 3837 1883 3879 eum.-
1942 3821 2000 3880 et
2058 3822 2185 3901 ipse
2243 3820 2623 3884 latrocinabi-

397 3925 500 3984 tur
555 3921 840 4003 plantam.
937 3917 1114 3984 iuxta
1169 3918 1512 3986 hebraeum
1569 3917 1969 4002 interpretati
2014 3939 2247 3985 sumus.
2348 3921 2460 3986 sed
2510 3922 2623 3988 ubi

541 4067 567 4120 1
611 4069 720 4118 een
755 4064 843 4132 49,
881 4063 986 4133 131
1021 4066 1088 4120 14
1124 4069 1232 4118 een
1267 4065 1352 4130 49,
1400 4066 1465 4120 17
1502 4067 1570 4121 18
1601 4065 1609 4134 ι
1640 4068 1709 4122 30
1750 4069 1860 4118 een
1896 4066 1982 4131 49,
2024 4065 2129 4136 101
2174 4068 2243 4123 32
2283 4068 2394 4118 een
2427 4067 2513 4132 49,
2554 4069 2620 4125 19

539 4196 574 4250 2
607 4213 912 4262 posessurus
951 4217 996 4268 φ
1027 4195 1036 4265 Ι
1065 4195 1102 4250 4
1137 4199 1352 4265 ysaohar
1385 4203 1421 4264 β
1451 4196 1462 4266 Ι
1493 4197 1526 4251 5
1561 4197 1777 4249 nefthali
1816 4217 1861 4268 φ
1892 4197 1901 4266 Ι
1934 4199 1965 4252 7
2002 4203 2061 4249 ut
2093 4214 2322 4249 umerum
2339 4218 2400 4268 φ,
2440 4204 2492 4250 et
2524 4201 2621 4250 hu-

399 4299 592 4334 merum
627 4289 663 4350 β
692 4283 702 4348 Ι
736 4283 802 4337 12
837 4283 1030 4334 ideireo
1067 4301 1114 4352 φ
1155 4283 1166 4352 Ι
1206 4283 1274 4338 14
1307 4299 1369 4334 ex
1404 4289 1468 4351 β,
1527 4284 1591 4336 de
1626 4301 1671 4354 φ
1700 4283 1709 4352 Ι
1745 4285 1809 4340 16
1844 4285 2061 4336 salutare
2100 4289 2182 4354 βφ
2213 4282 2221 4352 Ι
2254 4284 2321 4339 19
2361 4284 2431 4341 25
2465 4301 2621 4338 nazo-

401 4383 542 4420 reum
578 4368 662 4439 <Vl
693 4367 762 4425 28
796 4385 1000 4432 rursum
1033 4387 1080 4443 φ
