3169 4941
1311 463 1538 519 Genesis
1573 465 1661 520 34.
2490 470 2593 523 137

2448 589 2473 612 .

304 642 329 688 1
368 629 584 694 παῖδα
621 621 856 714 ταύτην
911 615 1006 705 εἷς
1045 628 1326 711 γυναῖκα.
1423 628 1452 666 ⁵
1465 621 1694 710 Ἰακώβ
1739 623 1813 692 δὲ
1867 622 2132 714 ἤκουσεν
2183 623 2287 694 ὅτι
2332 625 2591 712 ἐμίανεν

368 727 406 798 ὁ
447 727 588 809 υἱὸς
628 722 883 816 Ἐμμώρ
925 725 1165 795 Δείναν
1207 727 1322 816 τὴν
1359 726 1692 817 θυγατέρα
1734 725 1961 796 αὐτοῦ·
2006 727 2068 796 οὶ
2110 729 2183 797 δὲ
2225 728 2359 798 υἱοὶ
2396 731 2589 799 αὐτοῦ

367 827 532 922 ἦσαν
575 831 740 918 μετὰ
777 839 910 900 τῶν
957 839 1202 920 κτηνῶν
1245 829 1436 900 αὐτοῦ
1481 831 1549 902 ἐν
1592 838 1686 921 τῷ
1730 829 1971 921 πεδίῳ·
2016 830 2487 925 παρεσιώπησε
2518 835 2593 904 δὲ

361 938 592 1023 Ἰακὼβ
635 935 760 1016 ἕως
802 941 917 1004 τοῦ
959 935 1182 1004 ἐλθεῖν
1222 929 1466 1016 αὐτούς.
1558 941 1584 980 ⁶
1597 933 1833 1025 ἐξῆλθε
1876 936 1950 1004 δὲ
1993 930 2251 1025 Ἐμμιὸρ
2295 935 2332 1006 ὁ
2374 939 2592 1030 πατὴρ

304 1056 335 1103 5
369 1041 578 1126 Συχὲμ
619 1040 790 1128 πρὸς
829 1031 1049 1126 Ἰακώβ
1091 1041 1366 1129 λαλῆσαι
1409 1033 1602 1128 αὐτῷ.
1700 1036 1801 1108 ⁷02
1844 1040 1919 1108 δὲ
1963 1038 2098 1108 υἱοὶ
2132 1034 2368 1128 Ἰακώβ,
2384 1037 2592 1132 ἦλθον

374 1144 446 1212 ἐκ
475 1149 588 1212 τοῦ
635 1140 899 1212 πεδίου·
981 1141 1068 1222 ὥς
1104 1143 1178 1210 δὲ
1215 1140 1521 1233 ἤκουσαν,
1579 1143 2006 1233 κατενύγησαν
2046 1143 2109 1212 οἳ
2155 1142 2415 1234 ἄνδρες,
2480 1145 2593 1212 καὶ

373 1246 656 1336 λυπηρὸν
697 1243 772 1336 ἦν
815 1248 1040 1327 αὐτοῖς
1085 1245 1342 1337 σφόδρα
1360 1300 1374 1329 ,
1419 1245 1521 1316 ὅτι
1566 1245 1853 1338 ἄσχημον
1885 1246 2190 1339 ἐποίησεν
2221 1246 2289 1314 ἐν
2330 1243 2593 1338 Ἰσραήλ,

375 1353 722 1442 κοιμηθεὶς
774 1352 938 1436 μετὰ
994 1358 1108 1442 τῆς
1150 1350 1475 1440 θυγατρὸς
1511 1344 1768 1437 Ἰακώβ·
1830 1352 1942 1420 καὶ
1992 1345 2101 1435 οὐχ
2146 1350 2351 1433 οὕτως
2388 1350 2593 1421 ἔσται.

384 1458 536 1525 ὅκαὶ
581 1453 885 1545 ἐλάλησεν
923 1452 1182 1544 Ἐμμώρ
1225 1447 1449 1535 αὐτοῖς
1504 1454 1709 1542 λέγων
1747 1455 1957 1541 Συχὲμ
2000 1453 2037 1526 ὃ
2074 1452 2217 1536 υἱός
2267 1482 2393 1541 μου
2436 1481 2593 1545 προ-

277 1577 342 1622 10
376 1558 584 1630 είλετο
632 1568 714 1650 τῇ
768 1567 943 1651 ᾳωχῇ
985 1559 1099 1650 τὴν
1155 1557 1487 1646 θυγατέρα
1529 1555 1710 1644 ὑμῶν
1728 1580 1743 1596 ·
1820 1558 1967 1627 δότε
2027 1555 2135 1627 οὖν
2192 1552 2385 1649 αὐτὴν
2423 1553 2596 1649 αὐτῷ

373 1671 659 1754 γυναῖκα.
751 1669 778 1708 ⁹
793 1664 904 1731 καὶ
946 1658 1568 1751 ἔπιγαμβρεύσασθε
1624 1659 1775 1751 ἡμῖν
1791 1681 1805 1696 ·
1861 1662 1977 1742 τὰς
2022 1663 2386 1753 θυγατέρας
2426 1662 2597 1750 ὑμῶν

373 1766 524 1838 δότε
565 1767 720 1860 ἡμῖν
736 1823 752 1849 ,
793 1767 906 1836 καὶ
947 1767 1070 1848 τὰς’
1110 1765 1474 1853 θυγατέρας
1514 1763 1690 1856 ἡμῶν
1731 1761 1963 1852 λάβετε
2003 1771 2145 1848 τοῖς
2183 1764 2351 1848 υἱοῖς
2406 1765 2595 1853 ὑμῶν.

384 1879 444 1918 ¹⁰
467 1873 577 1943 καὶ
621 1873 690 1941 ἐν
734 1869 885 1963 ἡμῖν
927 1875 1286 1939 κατοικεῖτε
1305 1922 1320 1953 ,
1397 1867 1511 1937 καὶ
1553 1867 1593 1960 ἡ
1638 1876 1716 1960 γῆ
1767 1867 1909 1938 ἰδοὺ
1964 1874 2248 1939 πλατεῖα
2307 1869 2596 1940 ἐναντίον

373 1979 554 2064 ὑμῶν
571 2002 586 2016 ·
645 1980 1001 2044 κατοικεῖτε
1043 1974 1156 2042 καὶ
1217 1969 1669 2064 ἐμπορεύεσθε
1710 1967 1818 2043 ἐπ’
1864 1968 2059 2066 αὐτῆς
2103 1975 2215 2044 καὶ
2268 1976 2597 2063 έγκτᾶσθε

279 2100 342 2146 15
379 2084 446 2152 ἐν
488 2075 660 2172 αὐτῇ.
734 2086 790 2125 ²¹
806 2074 957 2147 εἶπε
999 2079 1073 2148 δὲ
1113 2079 1319 2165 Συχὲμ
1364 2079 1532 2168 πρὸς
1572 2078 1684 2148 τὸν
1727 2079 1982 2168 πατέρα
2028 2073 2228 2169 αὐτῆς
2269 2081 2381 2151 καὶ
2427 2081 2599 2169 πρὸς

375 2187 529 2267 τοὺς
587 2179 911 2276 ἀδελφοὺς
965 2176 1165 2272 αὐτῆς
1216 2181 1488 2270 Εὗροιμι
1544 2182 1727 2272 χάριν
1782 2181 2071 2253 ἐναντίον
2126 2181 2331 2269 ὑμῶν,
2404 2185 2516 2254 καὶ
2560 2181 2599 2254 ὃ

519 2495 550 2547 1
588 2495 896 2560 παιδισκην
930 2492 1030 2547 AD
1061 2494 1175 2563 [em
1213 2495 1458 2563 superest
1494 2493 1652 2562 σκην]
1696 2493 1885 2547 Eamtz
1916 2496 1925 2559 Ι
1972 2495 2001 2548 1
2044 2512 2237 2564 εμιανε
2269 2497 2380 2548 emt
2395 2499 2441 2558 ²,
2504 2496 2597 2565 qui

378 2580 586 2635 addunt
617 2596 799 2650 συχεμ
831 2580 840 2649 Ι
873 2580 904 2634 1
940 2583 1066 2649 post
1100 2597 1329 2651 εμιανεν
1365 2578 1414 2633 G
1437 2584 1486 2643 ’ς’
1538 2580 1547 2648 Ι
1596 2580 1631 2633 2
1668 2596 1899 2652 εμμωρε
1938 2582 2197 2634 corrector
2234 2580 2454 2649 quintus
2496 2580 2546 2635 G
2587 2581 2595 2647 Ι

377 2669 412 2721 2
444 2668 609 2721 διναν
656 2666 792 2731 (302,
855 2667 1011 2720 δεινα
1047 2667 1104 2721 in
1144 2682 1334 2721 rasura
1367 2681 1422 2718 m
1487 2668 1497 2732 Ι
1563 2666 1599 2720 3
1652 2679 1793 2731 ησαν
1839 2682 1980 2736 μετα
2026 2684 2135 2719 των
2186 2685 2396 2733 κτηνων
2430 2686 2598 2721 αυτου

377 2765 445 2814 >
484 2757 567 2808 mt
595 2754 604 2820 Ι
636 2754 670 2807 3
706 2772 879 2807 αυτου
917 2764 984 2813 >
1023 2770 1052 2808 c
1089 2753 1098 2821 Ι
1141 2755 1174 2808 3
1212 2770 1290 2811 εις
1323 2772 1386 2806 το
1423 2753 1627 2806 πεδιον
1660 2753 1743 2805 mt
1772 2752 1779 2817 Ι
1812 2752 1845 2803 3
1880 2752 2095 2806 παιδιω
2130 2752 2263 2806 ΑΕ1
2304 2753 2313 2822 Ι
2354 2754 2392 2808 3·
2426 2770 2598 2828 παρε-

379 2854 662 2907 σιωπησεν
702 2837 964 2893 ADEffl1
1003 2840 1011 2906 Ι
1053 2840 1090 2892 4
1129 2842 1356 2907 εξηλθεν
1385 2836 1622 2901 ADGt1,
1657 2841 1895 2903 εξηλθον
1930 2837 2007 2901 Ε,
2045 2841 2309 2905 εισηλθεν
2345 2858 2372 2892 τ
2420 2839 2427 2909 Ι
2465 2840 2502 2895 4
2538 2841 2600 2893 δε

378 2935 445 2985 >
480 2926 616 2994 τΙ4
655 2944 840 2999 ερμων
874 2925 1024 2992 Ε15
1059 2943 1201 2999 προς
1237 2931 1410 2993 ιακωβ
1443 2934 1512 2985 >
1552 2924 1603 2979 D
1636 2923 1645 2992 Ι
1678 2923 1710 2977 5
1752 2942 1923 2977 αυτον
1959 2926 2105 2993 1216
2142 2926 2381 2978 παιδιου
2418 2923 2661 2995 ΑΕ1Ι’

377 3015 412 3068 6
446 3018 866 3081 κατενεχθησαν
888 3010 1114 3065 ADEGz
1130 3052 1142 3075 ,
1180 3017 1606 3080 κατηνυχθησαν
1641 3026 1671 3064 ο
1700 3012 1709 3075 Ι
1742 3010 1772 3063 7
1803 3011 2023 3083 σφοδρα
2047 3021 2114 3070 >
2144 3029 2171 3063 z
2202 3014 2212 3078 Ι
2244 3012 2275 3065 ’7
2300 3014 2427 3066 ante
2451 3030 2509 3065 εν
2533 3013 2599 3081 -Ι-

377 3114 558 3169 συχεμ
593 3097 642 3151 Α
673 3100 682 3166 Ι
713 3097 746 3151 7
783 3100 906 3166 post
939 3100 1136 3170 ισραηλ
1172 3098 1237 3163 -Ι-
1279 3112 1458 3168 συχεμ
1496 3113 1554 3151 cz
1584 3098 1595 3162 Ι
1627 3096 1661 3150 8
1694 3097 1821 3164 post
1855 3103 2028 3165 ιακωβ
2067 3098 2131 3159 -Ι-
2171 3117 2265 3150 και
2308 3116 2470 3152 ειπον
2506 3116 2600 3152 και

379 3202 541 3239 ειπον
557 3203 613 3249 z,
653 3185 804 3254 prius
824 3205 917 3239 και
937 3203 1100 3239 ειπον
1116 3184 1333 3253 punctis
1351 3183 1645 3253 subpositis
1666 3183 1901 3237 deletum
1932 3184 1941 3253 Ι
1971 3183 2007 3237 8
2031 3203 2126 3238 και
2146 3193 2213 3243 >
2232 3202 2258 3237 τ
2290 3186 2299 3253 Ι
2329 3186 2366 3240 8
2403 3205 2505 3240 ουκ
2524 3185 2560 3240 b
2589 3188 2596 3254 Ι

377 3270 411 3323 9
469 3290 662 3344 εμμωρ
716 3285 907 3331 αυτοις
947 3270 1171 3335 Gabmt,
1237 3290 1425 3330 αυτοις
1490 3290 1688 3344 εμμωρ
1739 3268 1923 3333 ADoz,
1991 3290 2182 3331 αυτοις
2240 3290 2442 3343 εμμων
2481 3272 2526 3325 Ε
2589 3270 2597 3341 Ι

376 3356 501 3427 9110
533 3360 842 3429 προειλατο
877 3356 976 3411 ΑΙ)
1002 3357 1118 3426 [en]
1143 3356 1267 3422 EG,
1303 3360 1626 3429 προσειλετο
1661 3373 1717 3410 m
1756 3356 1970 3426 [t--bJ
2016 3360 2025 3423 Ι
2077 3358 2145 3411 10
2180 3360 2306 3426 post
2344 3368 2497 3431 ψυχῃ
2535 3359 2600 3424 -Ι-

379 3462 548 3496 αυτου
577 3446 661 3497 mt
691 3443 698 3512 Ι
733 3444 802 3499 10
836 3461 935 3496 ουν
953 3452 1020 3502 >
1039 3459 1068 3497 c
1097 3446 1107 3510 Ι
1140 3444 1203 3497 11
1245 3462 1338 3495 και
1376 3450 1445 3502 >
1477 3440 1725 3512 ADGayz
1756 3448 1771 3510 Ι
1799 3443 1864 3496 11
1900 3434 2379 3517 επιγαμρρευσατε
2405 3442 2602 3507 ADmt,

376 3536 938 3605 επιγαμβρευσασθαι
979 3528 1028 3583 G
1094 3532 1103 3599 Ι
1170 3531 1236 3585 11
1275 3547 1412 3599 υμιν
1449 3548 1545 3587 τας
1586 3546 1614 3581 z
1664 3530 1671 3596 Ι
1728 3529 1796 3582 12
1835 3529 1962 3583 ὅστε
1994 3547 2133 3602 υμιν
2164 3548 2333 3589 αυτας
2368 3549 2461 3582 και
2496 3532 2597 3583 λα-

376 3621 498 3683 βετε
533 3632 560 3667 z
627 3615 638 3683 Ι
707 3615 774 3668 12
807 3634 900 3667 και
934 3624 1000 3672 >
1035 3614 1112 3679 G,
1171 3616 1437 3669 corrector
1471 3613 1682 3668 addidit
1748 3617 1757 3680 Ι
1823 3614 1891 3667 12
1929 3633 2092 3684 ημων
2124 3614 2302 3684 prima
2336 3630 2498 3669 manu
2534 3614 2600 3680 G,

379 3717 541 3771 quum
570 3702 688 3770 ipse
714 3700 966 3755 librarius
1004 3704 1164 3756 antea
1202 3718 1360 3771 υμων
1382 3699 1647 3753 uoluisset
1663 3739 1677 3752 .
1711 3702 1837 3769 post
1859 3718 2052 3773 υημων
2086 3717 2243 3765 suum
2268 3720 2361 3753 και
2385 3702 2603 3771 punctis

379 3788 624 3857 supernis
655 3789 902 3841 notatum
920 3827 932 3851 ,
974 3786 1034 3841 id
1069 3790 1153 3841 est
1188 3786 1454 3850 deletum,
1487 3786 1707 3841 additur
1727 3826 1740 3840 .
1791 3790 1917 3856 post
1956 3805 2112 3860 υμων
2149 3790 2213 3855 -Ι-
2257 3805 2317 3841 ex
2352 3806 2462 3840 των
2492 3795 2598 3840 θυ-

375 3892 620 3949 γατερων
651 3892 824 3947 ,ημων
872 3890 950 3932 εις
995 3890 1260 3942 γυναικας
1294 3890 1324 3925 z
1390 3871 1400 3941 Ι
1467 3873 1533 3927 13
1568 3892 1601 3938 η
1656 3893 1726 3943 γη
1769 3874 1898 3926 ιδου
1945 3871 2221 3938 DEGabc,
2282 3872 2408 3925 ιδου
2456 3893 2488 3939 η
2525 3893 2597 3943 γη

373 3958 534 4015 Amtz
564 3960 573 4029 Ι
606 3961 675 4014 13
711 3963 918 4013 alana
951 3958 996 4012 E
1028 3961 1038 4025 Ι
1079 3960 1147 4014 14
1182 3958 1515 4024 κατοικειτε]
1554 3977 1649 4009 και
1690 3974 1887 4011 οικειτε
1929 3957 1979 4012 G
2021 3958 2031 4028 Ι
2074 3958 2142 4014 14
2180 3966 2598 4032 εμπορευεσθαι

374 4046 522 4108 AG!
580 4047 649 4102 14
683 4063 768 4099 απ
803 4065 969 4112 αυτης
1003 4061 1089 4109 m,
1141 4062 1202 4097 εν
1240 4063 1375 4109 αυτη
1413 4042 1524 4107 Gz,
1570 4061 1631 4096 εν
1669 4062 1805 4116 αυτῃ
1840 4059 1897 4107 ο,
1943 4062 2003 4098 εν
2038 4062 2201 4110 αυτηι
2242 4046 2303 4097 t.
2340 4044 2597 4115 D=b1

376 4136 443 4191 14
481 4138 750 4187 εκτασθαι
785 4130 834 4184 A
883 4128 1130 4201 [v'super
1177 4149 1236 4183 εκ
1273 4170 1304 4194 ,,
1322 4144 1485 4183 manu
1533 4128 1711 4197 prima
1760 4129 1851 4182 uel
1900 4144 2030 4184 sane
2082 4129 2408 4197 perantiqua
2422 4135 2454 4159 ‘⁸
2507 4130 2601 4186 ad-

373 4219 565 4288 ditum]
584 4258 598 4281 ‚
637 4223 878 4271 εκτασθε
913 4217 958 4270 Ε
976 4257 989 4281 ,
1029 4222 1408 4287 εγκτησασθαι
1427 4213 1476 4268 G
1491 4254 1504 4276 ‚
1540 4220 1751 4267 κτασθε
1788 4230 1843 4278 c,
1882 4221 2181 4285 εγκιτασθε
2205 4230 2261 4267 m
2280 4219 2298 4250 ¹
2314 4214 2370 4279 ‘?,
2410 4233 2600 4270 ενκτα-

373 4312 514 4359 σθαι
538 4307 594 4369 t,
633 4309 941 4371 εκτησασθε
965 4320 996 4357 z
1027 4304 1034 4373 Ι
1068 4303 1133 4359 15
1169 4320 1242 4356 επ
1279 4319 1448 4367 αυτην
1482 4300 1555 4364 Ε,
1606 4316 1679 4353 επ
1716 4320 1850 4368 αυτη
1887 4318 1913 4353 z
1946 4302 1952 4370 Ι
1994 4301 2060 4356 15
2099 4319 2257 4354 ειπεν
2291 4300 2547 4356 ADEGt¹
2588 4302 2596 4374 Ι

374 4392 443 4448 15
488 4408 629 4465 προς
680 4390 912 4444 alterum
949 4398 1016 4447 >
1045 4408 1073 4441 z
1122 4389 1129 4457 Ι
1192 4392 1258 4445 16
1302 4390 1431 4457 post
1476 4404 1640 4453 αυτης
1678 4388 1740 4450 -Ι-
1777 4389 1960 4457 λεγων
2006 4404 2035 4441 ο
2083 4387 2092 4455 Ι
2144 4387 2209 4441 16
2263 4389 2509 4459 ευροιμι]
2548 4407 2598 4444 ει

371 4495 534 4550 ευρον
563 4495 594 4529 z
635 4477 646 4546 Ι
698 4477 764 4531 16
803 4492 1064 4529 εναντιων
1098 4492 1125 4527 z
