3169 4941
566 429 638 484 88
1437 423 1667 481 Genesis
1714 425 1803 482 10.
1839 426 1926 481 11.

563 593 712 670 ταῖς
739 585 1010 678 ἡμέραις
1035 584 1232 654 αὐτοῦ
1261 583 1649 675 διεμερίσθη
1676 582 1715 675 ἡ
1746 589 1825 676 γῆ
1840 638 1858 670 ,
1903 584 2017 652 καὶ
2044 581 2245 670 ὄνομα
2266 590 2361 673 τῷ
2382 576 2647 674 ἀδελφῷ
2674 582 2793 650 ‹223-

561 700 676 762 τοῦ
710 690 965 760 Ἰεκτάν.
1044 694 1104 734 ’⁶
1123 689 1362 757 Ἰεκτὰν
1413 687 1489 757 δὲ
1539 687 1831 779 ἐγέννησε
1882 688 1997 757 τὸν
2028 682 2362 775 Ἐλμωδὰδ
2414 687 2527 756 καὶ
2567 688 2795 756 Σαλὲθ

563 795 682 866 καὶ
734 794 846 864 τὸν
879 793 1175 883 Σαρμώθ
1228 793 1342 861 καὶ
1392 785 1606 882 Ἰαρὰχ
1678 797 1739 836 ²⁷
1752 793 1862 860 καὶ
1908 790 2177 882 Ὀδορρὰ
2230 791 2343 860 καὶ
2399 790 2631 882 Λῖβὴλ
2680 792 2795 860 καὶ

563 900 784 970 Δεκλὰ
870 904 931 944 '⁸
943 898 1056 966 καὶ
1106 891 1282 966 Εὗὰλ
1344 897 1458 966 καὶ
1497 894 1817 984 Ἅβιμαὲλ
1882 895 1997 964 καὶ
2046 897 2231 982 Σαβὰ
2300 901 2361 940 2⁹
2374 895 2489 964 καὶ
2550 889 2795 986 Οὖφεὶρ

565 1005 678 1074 καὶ
734 996 974 1072 Εὗειλᾶ
1034 1000 1150 1070 καὶ
1201 1001 1445 1088 Ἰωβάβ.
1530 997 1775 1081 πάντες
1846 992 2029 1069 οὗτοι
2080 997 2216 1068 υἱοὶ
2262 997 2515 1070 Ἰεκτάν.
2605 1000 2795 1068 ”ml

565 1108 812 1198 ἐγένετο
853 1106 894 1198 ἡ
935 1103 1314 1195 κατοίκησις
1359 1097 1568 1172 αὐτῶν
1612 1105 1753 1174 ἀπὸ
1792 1109 2047 1196 Μασσῆ
2100 1102 2226 1185 ἕως
2264 1102 2489 1172 ἐλθεῖν
2530 1103 2627 1186 εἷς
2662 1110 2793 1170 Σα-

565 1213 742 1304 φηρᾶ
799 1209 952 1300 ὅρος
1003 1205 1344 1277 ἀνατολῶν.
1422 1199 1676 1277 Μοῦτοι
1730 1205 1861 1277 υἱοὶ
1903 1210 2045 1299 Σὴμ
2099 1208 2168 1280 ἐν
2210 1214 2356 1289 ταῖς
2402 1209 2638 1298 φυλαῖς
2674 1202 2793 1276 αὖ-

561 1323 726 1400 τῶν,
768 1314 938 1383 κατὰ
975 1312 1276 1400 γλώσσας
1317 1306 1553 1397 αὐτῶν,
1602 1313 1674 1380 ἐν
1715 1318 1864 1393 ταῖς
1900 1309 2143 1404 χώραις
2184 1310 2390 1382 αὐτῶν
2420 1312 2534 1380 καὶ
2563 1312 2631 1381 ἐν
2652 1317 2797 1394 τοῖς

565 1418 834 1490 ἔθνεσιν
887 1415 1122 1486 αὐτῶν.
1200 1410 1461 1484 8’ῑαῧται
1517 1413 1588 1484 αἱ
1644 1415 1847 1506 φυλαὶ
1901 1414 2059 1486 υἱῶν
2101 1423 2255 1484 Νῶε
2313 1417 2480 1485 κατὰ
2520 1416 2797 1505 γενέσεις

567 1521 776 1592 αὐτῶν
791 1576 809 1608 ,
865 1523 1034 1590 κατὰ
1090 1520 1257 1612 ἔθνη
1309 1519 1514 1588 αὐτῶν
1527 1544 1544 1560 ·
1603 1513 1748 1590 ἇπὸ
1803 1522 2045 1590 τούτων
2111 1519 2557 1612 διεσπάρησαν
2610 1526 2796 1612 νῆσοι

448 1640 536 1707 11
568 1632 697 1698 τῶν
757 1626 968 1696 ἐθνῶν
1035 1623 1156 1692 ἐπὶ
1209 1632 1327 1714 τῆς
1382 1628 1496 1716 γῆς
1556 1624 1725 1711 μετὰ
1775 1625 1890 1694 τὸν
1945 1621 2418 1710 κατακλυσμόν.
2516 1624 2667 1693 lna&
2720 1619 2797 1714 ἦν

570 1737 761 1802 πᾶσα
797 1729 836 1821 ἡ
877 1734 957 1821 γῆ
991 1731 1207 1814 χεῖλος
1249 1728 1349 1813 ἕν,
1415 1728 1530 1797 καὶ
1583 1728 1770 1819 φωνὴ
1806 1726 1929 1814 μία
1966 1734 2157 1796 πᾶσι.
2244 1728 2400 1797 Ξ’καὶ
2438 1728 2693 1817 ἐγένετο
2732 1728 2800 1798 ἓν

568 1842 664 1924 τῷ
713 1841 975 1924 κινῆσαι
1019 1825 1248 1912 αὐτοὺς
1287 1828 1426 1900 ἀπὸ
1465 1833 1794 1900 ἀνατολῶν
1838 1826 2018 1920 εὗρον
2060 1830 2291 1901 πεδίον
2330 1834 2397 1902 ἐν
2438 1839 2517 1924 γῇ
2554 1833 2799 1923 Σεναὰρ

569 1939 685 2008 καὶ
723 1933 1106 2026 κατῴκησαν
1149 1934 1303 2004 ἐκεῖ.
1372 1935 1522 2003 ῧκαὶ
1579 1929 1765 2003 εἶπεν
1816 1931 2180 2025 ἄνθρωπος
2227 1944 2321 2025 τῷ
2368 1934 2645 2026 πλησίον
2685 1934 2800 2004 αὗ-

568 2046 686 2110 τοῦ
735 2043 946 2108 Δεῦτε
1002 2038 1505 2125 πλινθεύσωμεν
1572 2037 1906 2120 πλίνθους
1971 2040 2084 2107 καὶ
2152 2033 2545 2131 ὄπτήσωμεν
2600 2034 2803 2120 αὐτὰς

713 2201 745 2258 1
783 2217 978 2271 οναμα
1009 2213 1039 2252 e
1081 2199 1090 2264 Ι
1128 2199 1164 2254 2
1197 2197 1430 2252 alterum
1467 2214 1631 2252 εκταν
1664 2215 1693 2250 z
1736 2198 1747 2266 Ι
1788 2199 1825 2253 2
1861 2213 2153 2266 εγεννησεν
2194 2197 2289 2252 ΑΕ
2318 2200 2328 2267 Ι
2358 2199 2395 2253 2
2432 2200 2703 2271 ελμωδαμ
2738 2201 2800 2266 Ε,

574 2285 860 2360 ιελμοζαδ
890 2301 946 2350 ο,
985 2285 1238 2356 ελιωδαμ
1272 2302 1300 2338 z
1331 2286 1340 2351 Ι
1371 2283 1407 2337 2
1440 2302 1536 2337 και
1575 2289 1755 2338 σαλεθ
1792 2282 1923 2354 aby,
1963 2303 2058 2337 και
2096 2303 2195 2338 τον
2226 2288 2407 2356 σαλεφ
2430 2285 2667 2351 AEomr,
2707 2307 2801 2341 και

572 2391 672 2430 τον
707 2375 890 2444 σαφελ
911 2375 966 2437 t,
1031 2387 1130 2425 τσν
1164 2374 1344 2443 σαλεφ
1377 2388 1404 2423 z
1457 2370 1465 2440 Ι
1530 2371 1564 2426 3
1590 2374 1646 2426 et
1667 2373 1705 2426 4
1726 2391 1820 2425 και
1850 2371 2039 2427 nonies
2075 2381 2144 2431 >
2190 2389 2217 2424 z
2270 2371 2279 2441 Ι
2333 2373 2368 2426 3
2403 2391 2502 2427 τον
2538 2373 2647 2438 E’,
2694 2393 2805 2428 των

571 2459 618 2515 Ε
639 2466 684 2526 ²,
721 2467 793 2522 >
815 2461 871 2515 ετ
922 2459 931 2530 Ι
979 2459 1014 2513 3
1051 2463 1289 2535 σαρμωθ
1337 2456 1470 2528 aby,
1535 2463 1813 2534 ασαρμωθ
1845 2455 1917 2523 A,
1966 2480 2001 2511 α
2037 2457 2205 2528 priori
2232 2474 2397 2514 manu
2431 2459 2607 2529 prima
2640 2478 2807 2531 supra

571 2564 791 2604 uersum
851 2546 1082 2616 scripto:
1162 2551 1442 2620 ασαρμωθ·
1498 2548 1634 2611 mrt,
1710 2549 1940 2617 σαλμων
1997 2546 2070 2611 Ε,
2144 2554 2470 2618 ασαραμωθ
2530 2565 2584 2612 e,
2661 2563 2802 2602 ασα-

573 2640 737 2708 ραωθ
773 2652 801 2687 z
855 2634 866 2691 Ι
919 2634 956 2687 3
991 2632 1162 2705 ιαραδ
1196 2628 1275 2695 A,
1327 2649 1426 2684 τον
1461 2632 1631 2699 ιαρεδ
1662 2631 1733 2695 Ε,
1786 2634 1949 2702 ἱεραχ
1984 2635 2063 2697 ot,
2088 2676 2097 2683 .
2120 2630 2282 2704 ἰεράχ
2314 2650 2399 2697 111,
2437 2652 2676 2705 ιεραχαμ
2714 2652 2742 2687 z
2794 2633 2803 2705 Ι

575 2721 612 2775 3
643 2736 742 2773 τον
780 2719 1039 2792 οδορραμ
1073 2734 1131 2783 ο,
1188 2718 1366 2791 δορρα
1395 2719 1507 2782 mt,
1559 2717 1745 2791 οδωρα
1783 2735 1811 2770 z
1854 2718 1862 2786 Ι
1901 2718 1937 2772 3
1974 2738 2069 2771 και
2110 2722 2273 2788 αιβηλ
2310 2729 2378 2781 >
2419 2718 2464 2771 Ε
2518 2720 2528 2788 Ι
2580 2721 2617 2775 3
2650 2723 2806 2787 αιζηλ

576 2804 712 2870 Aor,
748 2804 907 2871 ιαζηλ
941 2805 1055 2868 mt,
1101 2804 1276 2870 ιεζεηλ
1313 2821 1342 2856 z
1387 2804 1408 2879 Ι
1437 2804 1473 2857 4
1507 2821 1604 2855 και
1642 2804 1773 2855 ευαλ
1811 2811 1881 2862 >
1916 2803 2107 2875 Aan,
2145 2824 2239 2859 και
2273 2809 2446 2875 γεβαλ
2482 2822 2541 2871 c,
2580 2825 2673 2861 και
2708 2826 2809 2861 τον

579 2892 755 2962 γεβαλ
791 2890 902 2954 mt,
942 2908 1048 2943 και·
1072 2908 1170 2944 τον
1201 2891 1370 2959 γιβαλ
1403 2906 1458 2952 r,
1497 2891 1668 2959 ιαβαλ
1702 2907 1733 2942 z
1762 2889 1772 2957 Ι
1800 2889 1838 2942 4
1874 2893 2112 2959 αβιμεηλ
2144 2889 2371 2959 Aamty,
2410 2895 2707 2964 αβιμελεηλ
2742 2893 2807 2957 Ε,

577 2996 679 3034 τον
720 2979 955 3047 αβιμεηλ
996 2992 1080 3040 er,
1118 2977 1446 3049 αβιαμμεηλ
1475 2982 1512 3028 'z
1543 2974 1552 3045 Ι
1581 2974 1619 3029 4
1654 2979 1826 3040 σαβευ
1855 2971 1934 3028 Ar
1971 2974 2218 3045 [Crusius
2252 2976 2657 3046 putidissimum
2690 2978 2810 3033 ani-

584 3061 696 3117 mal
733 3061 792 3117 in
824 3078 853 3115 ι·
887 3061 1167 3133 rescripsit
1203 3061 1419 3131 σαβει],
1453 3067 1635 3129 ααβαυ
1659 3059 1734 3124 Ε,
1770 3066 1949 3128 σωβευ
1986 3076 2082 3131 ay,
2122 3070 2303 3132 σαβαν
2336 3065 2474 3129 emt,
2509 3070 2691 3134 σαβεμ
2726 3080 2755 3117 z
2798 3062 2807 3134 Ι

581 3149 622 3203 4
655 3163 828 3218 ουφερ
862 3164 918 3211 r,
968 3166 1148 3221 ουφηρ
1185 3165 1213 3200 z
1268 3148 1277 3215 Ι
1331 3146 1366 3203 5
1401 3166 1495 3201 και
1528 3147 1681 3217 prius
1719 3156 1789 3207 >
1824 3164 1852 3199 z
1903 3146 1913 3217 Ι
1959 3147 1995 3203 5
2032 3150 2186 3201 ευιλα
2220 3148 2322 3214 Er,
2374 3168 2479 3203 τον
2514 3153 2729 3203 even-kar
2764 3166 2811 3215 ο,

2830 603 2856 650 1

2834 1535 2899 1580 10

2840 2054 2903 2100 15

581 3236 768 3288 svam
799 3232 910 3286 mtz
940 3232 950 3303 Ι
982 3233 1015 3288 5
1055 3235 1234 3304 ιωβαδ
1265 3233 1334 3297 Ε,
1387 3239 1603 3301 ιωαβαβ
1640 3250 1695 3299 1·,
1744 3241 1931 3305 ιωβαμ
1966 3250 2022 3291 z.
2063 3252 2275 3289 ουκουν
2312 3254 2343 3286 ο
2380 3241 2484 3303 ιωβ
2516 3254 2579 3289 το
2620 3252 2811 3307 ονομα
2925 3244 2951 3261 ·“

579 3338 695 3374 των
737 3336 1104 3392 ηροπατορων
1152 3320 1320 3387 [reete
1353 3316 1578 3373 crusina
1616 3320 1895 3390 προπατ.]
1949 3338 2099 3389 ειχεν
2136 3338 2251 3373 arto
2290 3338 2389 3374 του
2424 3336 2538 3394 σημ
2574 3340 2669 3375 και
2704 3340 2811 3375 του

583 3413 707 3480 εβερ
747 3424 842 3460 και
877 3425 978 3459 του
1035 3408 1286 3459 εκλεκτου
1331 3422 1564 3474 γενους.
1618 3425 1686 3458 ου
1728 3423 1843 3475 μην
1884 3425 1983 3459 του
2010 3424 2269 3475 χανααν.
2318 3424 2549 3476 ευγενης
2578 3423 2689 3460 των
2724 3425 2810 3477 αφ

579 3496 741 3559 ηλιου
777 3494 1062 3547 ανατολων
1107 3492 1115 3562 Ι
1155 3491 1192 3547 5
1225 3493 1352 3547 ante
1390 3510 1507 3545 υιοι
1547 3492 1613 3560 -Ι-
1653 3510 1708 3544 οι
1745 3508 1774 3545 1·
1803 3492 1812 3561 Ι
1844 3493 1876 3547 5
1916 3511 2077 3547 εκταν
2110 3510 2139 3546 z
2182 3493 2192 3560 Ι
2230 3494 2265 3547 6
2302 3512 2333 3559 η
2370 3504 2712 3557 κατοικησεις
2745 3488 2811 3555 A,

581 3598 615 3645 η
651 3593 956 3646 κατωκησις
991 3596 1020 3632 z
1051 3578 1061 3648 Ι
1091 3581 1126 3635 6
1161 3596 1306 3633 αυτω
1341 3596 1370 3633 1·
1400 3579 1408 3648 Ι
1440 3580 1474 3635 6
1510 3592 1730 3650 μασσηε
1753 3577 1828 3643 A,
1878 3594 2139 3651 μανασση
2164 3580 2236 3634 Ε.
2272 3578 2343 3633 ad
2376 3592 2567 3651 μασση
2589 3595 2618 3632 1·
2647 3595 2814 3648 χωρα

579 3682 674 3731 της
710 3664 923 3731 ινδικης
957 3682 1099 3718 ουτω
1134 3668 1449 3738 καλουμενη
1497 3666 1506 3735 Ι
1549 3668 1583 3721 6
1620 3668 1812 3721 emeno
1847 3676 1916 3726 >
1952 3683 1980 3721 c
2035 3668 2045 3736 Ι
2097 3667 2183 3738 617
2222 3683 2454 3740 σωφηρα
2489 3663 2749 3719 AEomrtz
2801 3664 2811 3735 Ι

583 3752 616 3805 ’1
657 3768 821 3824 ορους
850 3750 981 3818 017
1017 3752 1145 3805 ante
1181 3770 1293 3805 υιοι
1328 3752 1394 3819 -Ι-
1432 3749 1570 3804 οιἈ
1602 3752 1611 3822 Ι
1643 3752 1673 3805 7
1708 3772 1821 3805 υιοι
1856 3764 1927 3813 >
1960 3772 1989 3809 1·
2020 3755 2029 3823 Ι
2060 3755 2093 3809 7
2130 3768 2246 3826 σημ
2280 3752 2563 3818 Eabcmrt‚
2597 3757 2713 3818 σηθ·
2744 3749 2811 3815 A,
2858 3774 2871 3785 ·

581 3854 695 3909 σεμ
723 3855 754 3890 z
783 3835 794 3908 Ι
824 3838 858 3892 9
894 3840 1020 3907 post
1055 3856 1216 3890 αυται
1255 3838 1321 3906 -Ι-
1349 3838 1413 3892 δε
1449 3841 1477 3892 t
1506 3839 1514 3907 Ι
1547 3840 1582 3894 9
1620 3841 1749 3893 ante
1784 3859 1919 3894 υιων
1944 3842 2009 3909 -Ι-
2034 3858 2145 3894 των
2177 3842 2287 3894 mizz
2320 3840 2328 3908 Ι
2360 3840 2394 3895 9
2427 3854 2760 3908 συγγενειας
2784 3855 2814 3893 o

581 3924 699 3979 loeo
724 3939 995 3995 γενεσεις,
1037 3937 1368 3994 συγγενειαν
1390 3942 1419 3979 1·
1447 3925 1458 3993 Ι
1492 3926 1558 3980 10
1582 3945 1722 3980 κατα
1758 3932 1894 3993 εθνη
1932 3936 2197 3988 αυτων>
2218 3926 2263 3980 Ε
2296 3928 2304 3995 Ι
2337 3927 2406 3983 10
2428 3927 2554 3980 ante
2582 3930 2720 3991 εθνη
2744 3926 2812 3992 -Ι-

581 4030 652 4065 τοι
682 4010 842 4065 Amtz
903 4012 914 4081 Ι
969 4008 1127 4081 11112
1161 4029 1252 4063 και
1287 4026 1438 4065 πασα
1465 4030 1500 4079 η
1534 4031 1609 4081 γη
1647 4000 1718 4080 ἦν
1752 4028 1782 4065 1·
1835 4012 1845 4080 Ι
1901 4012 1971 4066 12
2008 4028 2148 4079 πασι
2202 4011 2444 4077 abcmtz,
2490 4026 2665 4065 πασιν
2700 4010 2814 4076 ΑΕ,

583 4114 808 4151 παντων
848 4112 878 4151 1·
930 4098 940 4165 Ι
996 4095 1152 4166 12113
1196 4113 1424 4166 εγενετο
1477 4116 1623 4169 μετα
1670 4118 1737 4151 το
1800 4098 1881 4168 [in
1931 4118 2007 4151 τω
2054 4100 2322 4153 mutatum
2334 4098 2387 4167 2]
2436 4113 2653 4164 κινησαι
2702 4114 2761 4151 111
2802 4097 2811 4169 Ι

586 4184 656 4239 13
697 4184 940 4237 παιδιον
975 4180 1025 4235 A
1055 4183 1064 4253 Ι
1099 4183 1166 4239 13
1201 4184 1330 4238 ante
1363 4202 1436 4257 γῃ
1472 4186 1540 4253 -Ι-
1577 4202 1643 4250 τη
1679 4201 1708 4238 1·
1752 4185 1761 4253 Ι
1811 4186 1880 4239 13
1912 4198 2143 4259 σεννααρ
2179 4182 2411 4241 AEcmt.
2450 4184 2522 4238 ad
2554 4200 2755 4259 σενααρ
2787 4201 2816 4238 1·

587 4268 744 4325 adst-,r
779 4271 1024 4324 οδοντων
1061 4288 1399 4341 εκτιναγμος
1416 4309 1428 4321 .
1467 4270 1563 4325 sed
1598 4270 1743 4325 idem
1776 4270 1981 4341 pagina.
2012 4270 2258 4340 sequenti
2292 4285 2523 4345 σεννααρ
2542 4274 2706 4331 πολις
2722 4290 2815 4325 και

585 4355 791 4409 πεδιον
844 4374 937 4422 της
991 4360 1308 4425 βαβυλωνος
1379 4356 1390 4423 Ι
1468 4357 1538 4411 14
1602 4373 1770 4411 ειπαν
1826 4373 1855 4413 1·
1920 4358 1928 4426 Ι
2006 4355 2162 4427 14115
2208 4376 2381 4411 αυτου
2415 4366 2485 4417 >
2532 4356 2739 4411 AEmtz
2803 4355 2812 4427 Ι

593 4438 660 4493 15
707 4441 1150 4511 πληνθευσωμεν
1182 4444 1470 4509 πληνθους
1504 4457 1590 4495 mz
1628 4441 1639 4513 Ι
1683 4442 1751 4497 15
1786 4444 2025 4504 πλινθος
2058 4460 2088 4499 ο
2130 4444 2139 4513 Ι
2186 4443 2251 4499 15
2286 4462 2423 4499 αντα
2450 4441 2499 4497 Ε
