3169 4941
2520 452 2591 514 5⁷

307 637 336 692 1
370 633 437 698 in
475 636 730 699 heremo
763 633 1037 700 difficilis
1079 635 1194 700 est.
1254 650 1381 698 non
1419 631 1578 698 nulli
1622 632 1850 716 putant
1892 649 2087 716 aquas
2129 627 2365 698 calidas
2412 630 2589 700 iuxta

371 737 634 822 punicae
697 737 952 822 linguae
1016 737 1350 815 uiciniam,
1438 755 1596 820 quae
1654 736 1963 802 hebraeae
2022 737 2413 803 contermina
2469 738 2585 815 est,
2658 769 2663 774 ·

370 843 492 908 hoc
530 842 837 908 uocabulo
885 841 1245 926 significari.
1291 841 1442 906 sunt
1485 839 1592 923 qui
1632 840 2016 906 arbitrentur
2058 859 2325 924 onagros
2372 841 2451 908 ab
2468 841 2589 906 hoc

373 945 679 1012 admissos
721 965 858 1011 esse
905 944 986 1011 ad
1032 945 1239 1011 asinas
1287 946 1352 1011 et
1393 943 1603 1029 ipsum
1645 963 1757 1028 per
1796 943 1978 1010 istius
2020 943 2193 1009 modi
2237 945 2587 1028 repperisse

303 1053 336 1106 5
370 1050 774 1118 concubitum
788 1097 805 1128 ‚
848 1051 922 1116 ut
957 1049 1340 1116 uelocissimi
1383 1067 1458 1115 ex
1496 1049 1598 1114 his
1644 1049 1805 1116 asini
1848 1050 2271 1127 nascerentur,
2319 1049 2429 1132 qui
2470 1067 2587 1115 uo-

371 1155 594 1220 cantur
633 1159 861 1221 iamim.
911 1153 1189 1239 plerique
1224 1155 1452 1238 putant
1495 1151 1663 1237 quod
1708 1171 2013 1237 equarum
2058 1171 2287 1238 greges
2334 1153 2415 1220 ab
2459 1153 2587 1220 asi-

369 1259 468 1324 nis
507 1258 574 1323 in
619 1257 866 1324 deserto
911 1259 1044 1342 ipse
1085 1258 1306 1324 fecerit
1348 1258 1589 1342 primus
1633 1256 1920 1336 ascendi,
1963 1260 2039 1325 ut
2078 1258 2397 1324 mulorum
2436 1254 2585 1321 inde

368 1381 534 1428 noua
592 1365 810 1428 contra
867 1365 1159 1429 naturam
1223 1362 1522 1428 animalia
1581 1365 2006 1429 nascerentur.
2118 1361 2355 1447 Aquila
2416 1363 2585 1426 hunc

366 1464 577 1530 locum
621 1465 712 1532 ita
755 1466 1086 1532 transtulit
1139 1472 1266 1552 ipse
1309 1471 1396 1530 est
1443 1466 1586 1531 Ana
1599 1516 1617 1545 ‚
1662 1471 1772 1550 qui
1804 1472 2034 1532 inuenit
2072 1465 2185 1532 σὺν
2226 1468 2375 1543 τοὺς
2416 1459 2585 1552 ἠμίν.

266 1569 334 1627 10
369 1569 437 1634 et
480 1569 891 1652 Symmachus
929 1569 1223 1636 similiter
1261 1565 1413 1645 τοὺς
1457 1560 1611 1656 ἠμίν
1626 1621 1641 1649 ,
1692 1587 1852 1653 quae
1894 1570 2332 1655 interpretatio
2367 1569 2585 1654 plura·-

156 1657 165 1666 ’
365 1672 496 1738 16111
539 1692 874 1739 numerum
913 1673 1246 1758 significat.
1348 1673 1520 1739 LXX
1561 1690 1715 1738 uero
1758 1675 1825 1739 et
1866 1672 2261 1739 Theodotion-
2305 1672 2587 1757 aequali-

367 1777 464 1842 ter
505 1777 964 1843 transtulerunt
1008 1777 1287 1844 dicentes
1331 1773 1442 1840 τὸν
1485 1770 1696 1858 ἰαμίν,
1764 1774 1930 1861 quod
1972 1775 2214 1843 indicat
2252 1795 2585 1844 numerum

368 1880 773 1966 singularem.

540 1989 624 2050 Et
674 1990 953 2070 remeauit
1006 2008 1126 2071 pro
1182 2009 1248 2050 eo
1305 1988 1484 2051 Iobab
1525 1987 1713 2068 filius
1766 1987 1922 2050 Zare
1979 1988 2052 2051 dc
2104 1988 2319 2051 Bosra.
2415 1984 2585 2051 hunc

267 2107 334 2163 15
368 2088 622 2173 quidam
680 2089 1074 2173 suspicantur
1131 2107 1268 2155 esse
1318 2090 1432 2154 Iob
1449 2137 1466 2168 ‚
1541 2092 1618 2154 ut
1684 2089 1752 2154 in
1808 2089 1931 2155 fine
1981 2090 2328 2156 'uoluminis
2390 2088 2587 2173 ipsius

369 2191 653 2258 additum
701 2195 814 2260 est.
907 2196 1124 2258 contra
1143 2193 1419 2260 Hebraei
1462 2195 1752 2260 asserunt
1790 2193 1867 2260 de
1902 2194 1965 2259 Ν
1966 2196 2157 2260 achor
2199 2212 2366 2260 eum·
2390 2194 2585 2279 stirpe

366 2299 740 2382 generatum
754 2345 769 2374 ‚
807 2299 880 2362 ut
924 2297 1054 2362 iam
1098 2316 1288 2383 supra
1328 2297 1566 2363 dictum
1614 2299 1729 2363 est.

539 2403 622 2464 Et
677 2403 914 2465 Israhel
967 2403 1186 2465 dileoeit
1236 2403 1450 2487 Ioseph
1496 2423 1679 2488 super
1733 2424 1932 2466 omnes
1965 2403 2143 2486 filios
2200 2421 2340 2466 suos
2356 2452 2375 2482 ‚
2442 2407 2587 2487 quia

365 2511 496 2569 erat
519 2507 706 2587 filius
748 2511 1063 2570 senectutis
1074 2554 1093 2583 ‚
1147 2512 1204 2571 et
1233 2507 1395 2587 fecit
1447 2512 1508 2571 ei
1555 2511 1818 2571 tunicam
1873 2513 2134 2571 uariam.
2235 2526 2349 2592 pro
2404 2508 2585 2573 uaria

259 2626 332 2680 20
365 2609 580 2675 tunica
639 2608 876 2692 Aquila
953 2610 1408 2693 interpretatus
1491 2612 1590 2676 est
1660 2615 1925 2675 tunicam
1998 2600 2425 2695 ἀστράγαλον,
2519 2610 2585 2677 id

365 2716 462 2779 est
505 2712 786 2777 tunicam
841 2712 1111 2779 talarem
1129 2763 1144 2791 ‚
1202 2713 1617 2796 Symmachus
1674 2719 1936 2778 tumbam
1998 2720 2355 2779 manicatam
2370 2765 2388 2794 ‚
2449 2714 2585 2781 siue

365 2815 528 2901 quod
589 2815 670 2882 ad
732 2815 892 2881 talos
941 2835 1139 2899 usque
1186 2815 1593 2884 descenderet
1651 2819 1716 2884 et
1768 2818 2060 2884 manibus
2106 2817 2367 2885 artificis
2423 2818 2585 2885 mira

365 2924 532 2987 esset
576 2921 884 2987 uarietate
930 2921 1230 2987 distincta
1273 2922 1406 2988 siue
1458 2923 1624 3005 quod
1666 2922 1930 2989 haberet
1970 2923 2282 2989 manicas:
2341 2921 2586 3007 antiqui

367 3024 536 3090 enim
577 3025 780 3109 magis
827 3024 1085 3092 colobiis
1125 3025 1484 3092 utebantur.

259 3146 328 3199 25
539 3131 621 3192 Et
663 3130 1056 3193 uendiderunt
1094 3132 1306 3216 Ioseph
1351 3133 1720 3196 Ismahelitis
1760 3134 1892 3196 XX
1925 3137 2143 3198 aurete.
2232 3151 2344 3216 pro
2379 3131 2584 3199 aureis

365 3230 432 3296 in
476 3230 744 3297 hebraeo
796 3235 1129 3315 argenteos
1170 3233 1381 3300 habet.
1468 3254 1667 3319 neque
1725 3235 1947 3303 uiliore
1991 3236 2250 3303 metallo
2298 3236 2587 3303 dominus

365 3353 593 3399 uenum
644 3333 781 3399 dari
824 3332 1042 3400 debuit
1087 3354 1276 3418 quam
1305 3338 1550 3422 Ioseph.

537 3440 890 3502 Madianaei
927 3444 1123 3503 autem
1168 3441 1562 3505 uendiderunt
1599 3444 1811 3527 Ioseph
1849 3447 1915 3506 in
1941 3444 2216 3529 Aegypto
2244 3447 2587 3529 Pleutipkar

365 3544 628 3605 eunucho
670 3544 1003 3606 Pharaonis
1057 3545 1476 3626 archimayiro.
1582 3544 1650 3608 in
1710 3545 2023 3629 plerisque
2072 3547 2230 3613 locis
2274 3547 2585 3613 archima-

510 3719 576 3775 14
612 3723 722 3772 Gen
757 3721 844 3783 36,
879 3720 949 3775 33
980 3721 988 3787 Ι
1024 3722 1090 3776 18
1125 3722 1236 3773 Gen
1272 3721 1356 3783 37,
1396 3722 1431 3776 3
1463 3722 1471 3791 Ι
1503 3722 1572 3777 25
1610 3726 1721 3775 Gen
1756 3723 1843 3787 37,
1880 3726 1951 3780 28
1982 3724 1989 3792 Ι
2021 3724 2091 3777 28
2131 3727 2241 3777 Gen
2278 3727 2365 3793 36,
2399 3728 2471 3781 36

503 3882 540 3936 4
578 3882 840 3934 ammissos
871 3900 918 3951 φ
962 3880 969 3949 Ι
1009 3884 1042 3937 9
1077 3884 1442 3950 eyn-rovehum
1468 3888 1672 3951 frisinq
1690 3926 1702 3947 ‚
1755 3901 2137 3955 cyneoycmnn
2174 3890 2382 3952 herolia,
2424 3906 2587 3958 eyn-ro

365 3986 472 4036 yon
500 3985 598 4019 mn
636 3971 844 4032 eoaphue
877 3966 884 4034 Ι
918 3968 984 4022 10
1005 3978 1124 4031 poet
1161 3969 1399 4020 similiter
1426 3969 1489 4033 -Ι-
1511 3971 1601 4037 qui
1636 3972 1895 4043 inuenitcp
1924 3973 1933 4039 Ι
1969 3974 2036 4028 10
2070 3990 2197 4025 ’1-0νο
2213 3977 2353 4026 dnm
2376 3980 2587 4044 frium,

366 4070 646 4123 eoyomtyc
683 4058 838 4118 borel,
878 4070 1152 4123 roycmmz
1190 4060 1396 4118 waplam
1459 4054 1468 4125 Ι
1525 4046 1603 4112 '12
1636 4060 1885 4110 toniamin
1916 4066 2038 4131 βγφ
2102 4059 2113 4129 Ι
2180 4062 2247 4117 14
2281 4062 2457 4113 bostra
2490 4082 2537 4135 φ
2575 4062 2583 4132 Ι

367 4140 527 4207 19120
557 4142 731 4191 tunica
776 4142 922 4191 naria
958 4147 995 4207 β
1053 4142 1063 4207 Ι
1129 4141 1198 4195 20
1235 4144 1529 4208 astragalon
1563 4150 1687 4215 βγφ
1755 4144 1763 4213 Ι
1830 4146 1899 4201 21
1937 4147 2163 4198 tunicam
2198 4152 2349 4211 prius
2385 4156 2455 4205 >
2490 4168 2536 4219 φ
2574 4148 2583 4219 Ι

365 4228 436 4283 22
472 4228 784 4279 descenderit
822 4234 898 4296 βγ
941 4226 948 4295 Ι
989 4229 1058 4283 23
1095 4234 1228 4281 esset
1267 4246 1374 4299 γφ,
1413 4234 1491 4280 est
1525 4235 1562 4297 β
1606 4228 1615 4298 Ι
1659 4230 1729 4287 25
1764 4232 2064 4285 hismaelitis
2101 4252 2147 4304 φ
2189 4233 2199 4300 Ι
2240 4233 2309 4288 25
2349 4250 2429 4285 xx
2468 4239 2585 4306 βῑγ,

365 4314 556 4379 uiginti
595 4333 670 4384 φ,
709 4328 832 4365 xxx
863 4317 924 4380 β’
953 4315 964 4383 Ι
994 4315 1062 4370 26
1097 4315 1154 4365 111
1187 4316 1408 4367 hebraeo
1445 4322 1512 4374 >
1549 4335 1596 4387 φ
1624 4315 1635 4386 Ι
1666 4318 1735 4372 27
1778 4318 2061 4373 uenundari
2096 4326 2218 4392 ργφ
2260 4320 2273 4389 Ι
2309 4321 2380 4377 28
2410 4324 2587 4391 puthi-

367 4402 498 4467 phn·
531 4418 570 4472 γ
583 4439 598 4466 ,
642 4400 870 4468 photifar
898 4418 945 4474 φ
