3169 4941
572 424 610 480 8

559 605 668 652 sus
709 586 778 651 in
820 585 1088 652 hebraeo
1131 587 1230 652 est
1276 605 1464 672 quam
1508 585 1614 651 hie
1654 585 2061 670 inteUegitur.
2152 586 2244 651 ait
2288 584 2455 651 enim
2508 591 2566 650 et
2610 587 2784 650 eiecit
2822 597 2856 653 1

563 691 766 756 Adam
827 691 1030 774 (haud
1085 691 1340 757 dubium
1402 691 1551 775 quin
1610 690 1936 775 dominus)
2007 696 2065 755 et
2115 694 2387 755 habitare
2434 692 2597 773 fecit
2648 695 2783 754 ante

561 797 916 880 paradisum
962 798 1292 880 uoluptatis
1333 799 1619 860 cherubin
1662 801 1718 859 et
1750 795 2099 872 flammeum
2131 797 2441 879 gladium,
2500 799 2608 878 qui
2648 816 2781 858 uer-

563 903 792 963 teretur
835 904 892 964 et
933 902 1255 964 custodiret
1293 905 1462 964 uiam
1506 901 1667 983 liyni
1698 903 1879 964 uitae.
1945 917 2071 964 non
2117 899 2281 983 quod
2324 898 2532 982 ipsum
2554 895 2857 1048 Adam,5

567 1022 753 1090 quem
802 1003 1072 1070 eiecerat
1112 1003 1296 1082 (13113,
1342 1002 1631 1070 habitare
1675 1003 1898 1068 fecerit
1942 1005 2159 1069 contra
2196 1003 2557 1094 paradisum
2598 1000 2779 1067 uolu-

567 1106 796 1191 ptatis,
856 1108 968 1173 sed
1011 1107 1179 1190 quod
1221 1107 1333 1172 1110
1385 1107 1583 1173 eiecto
1634 1108 1780 1172 ante
1825 1107 1991 1172 fores
2042 1105 2319 1191 paradisi
2363 1106 2664 1173 cherubin
2718 992 2857 1172 et5

563 1209 929 1276 flammeum
973 1210 1259 1296 gladium
1302 1212 1582 1295 posuerit
1622 1211 1702 1288 ad
1747 1209 2227 1278 custodiendum
2263 1211 2540 1295 paradisi
2583 1211 2781 1278 uesti-

565 1313 817 1394 bulum,
862 1333 942 1379 ne
981 1317 1120 1399 quis
1163 1318 1379 1399 posset
1421 1316 1679 1383 intrare.

737 1421 821 1482 Et
861 1424 1121 1505 concepit
1163 1427 1219 1485 et
1263 1426 1503 1506 peperit
1544 1423 1696 1486 Cain
1752 1427 1809 1485 et
1861 1422 2023 1486 discit
2059 1420 2394 1504 Adquieiui
2457 1419 2617 1502 (siue
2643 1442 2784 1504 pos-

561 1522 722 1606 sedi)
763 1525 1058 1588 hominem
1095 1547 1206 1608 per
1241 1527 1436 1589 deum.
1492 1525 1647 1591 Cain
1691 1524 2023 1608 adquisitio
2051 1522 2185 1590 siue
2230 1524 2539 1609 possessio
2582 1525 2893 1589 inter-10

564 1628 852 1710 pretatur
870 1676 885 1705 ‚
942 1627 1008 1692 id
1051 1629 1150 1693 est
1193 1631 1441 1714 κτῆσις,
1499 1629 1665 1694 unde
1711 1628 2159 1713 etymologiam
2197 1629 2394 1712 ipsius
2433 1629 2781 1713 exprimens

568 1731 661 1796 ait
699 1733 952 1811 canithi,
1010 1731 1074 1796 id
1121 1734 1220 1798 est
1257 1734 1540 1816 possedi,
1591 1734 1914 1800 hominem
1957 1753 2070 1818 per
2112 1732 2316 1798 deum.

741 1837 824 1898 Et
865 1840 1133 1921 respexit
1175 1838 1322 1901 deus
1365 1859 1545 1922 super
1589 1837 1746 1902 Abel
1786 1842 1843 1902 et
1884 1859 2067 1922 super
2104 1859 2355 1902 munera
2396 1842 2529 1902 eius
2543 1888 2559 1916 ,
2604 1859 2785 1922 super

568 1939 718 2002 Cain
756 1943 951 2003 autem
997 1945 1054 2004 et
1080 1963 1261 2025 cuper
1289 1942 1590 2023 sacrificia
1632 1946 1763 2005 eius
1807 1965 1922 2006 non
1964 1947 2248 2028 respeoeit.
2310 1947 2367 2005 et
2404 1945 2785 2006 contristatus

567 2047 654 2104 est
699 2043 849 2106 Cain
911 2046 1107 2108 ualde.
1209 2045 1375 2110 unde
1423 2045 1580 2111 33113
1638 2047 1888 2130 poterat
1934 2046 2089 2111 Cain
2146 2045 2313 2131 quod
2373 2046 2587 2111 fi-atris
2648 2047 2783 2111 eius
2822 2050 2895 2104 15

566 2164 828 2210 munera
871 2148 1247 2233 suscepisset
1293 2149 1446 2214 deus
1491 2151 1557 2215 et
1600 2169 1715 2215 sua
1758 2148 2149 2235 repudiasset
2165 2199 2180 2229 ‚
2240 2149 2361 2215 nisi
2416 2149 2531 2215 illa
2585 2149 2784 2214 inter-

568 2249 839 2331 pretatio
894 2269 1046 2316 uera
1101 2254 1227 2330 est,
1303 2272 1494 2336 quam
1549 2253 1939 2320 Theodotion
1999 2253 2209 2338 posuit
2274 2259 2329 2316 et
2382 2253 2789 2336 inflammauit

567 2355 843 2418 dominus
884 2377 1068 2440 super
1111 2357 1267 2422 Abel
1313 2364 1368 2422 et
1405 2381 1588 2444 super
1624 2360 1990 2439 sacrificium
2030 2363 2161 2423 eius
2174 2409 2191 2438 ‚
2235 2379 2418 2442 super
2447 2358 2598 2422 Cain
2638 2379 2785 2420 uero

570 2463 627 2522 et
670 2480 854 2541 super
900 2461 1266 2543 sacrificium
1311 2466 1442 2527 eius
1483 2486 1601 2528 non
1642 2463 2091 2546 inflammauit?
2179 2463 2398 2548 ignem
2450 2463 2665 2527 autem
2704 2459 2786 2525 ad

571 2562 948 2630 sacrificium
994 2564 1422 2633 deuorandum
1466 2568 1725 2634 solitum
1786 2568 2001 2633 uenire
2048 2567 2123 2633 de
2172 2567 2347 2633 33310
2395 2569 2460 2632 et
2499 2566 2564 2631 in
2610 2564 2788 2631 dedi·
2822 2576 2901 2630 20

572 2666 816 2732 catione
861 2668 1085 2753 templi
1139 2670 1256 2736 sub
1298 2670 1633 2738 Salomone
1689 2671 1961 2756 legimus
2022 2674 2089 2737 et
2153 2669 2396 2755 quando
2443 2670 2661 2735 Helias
2717 2668 2786 2733 in

569 2771 782 2835 monte
830 2764 1101 2839 Carmeli
1144 2776 1493 2841 construxit
1541 2776 1760 2841 altare.

740 2878 824 2939 Et
880 2878 1042 2943 discit
1095 2880 1370 2943 domz‘nus
1442 2882 1520 2945 ad
1567 2881 1719 2945 Cain
1762 2881 1964 2954 Quare
2024 2880 2278 2943 concidit
2332 2881 2543 2942 uultus
2602 2876 2789 2941 tuus?

563 3002 751 3047 nonne
807 2989 867 3047 ei
921 2988 1080 3047 recte
1152 2985 1401 3066 offeras,
1489 3006 1605 3047 non
1663 2988 1819 3048 recte
1884 2988 2081 3048 autem
2150 2982 2421 3061 diuitias,
2482 2978 2790 3067 peccasti?

568 3092 797 3172 quiesce
811 3139 829 3167 ,
878 3091 957 3153 ad
999 3095 1055 3154 te
1077 3093 1405 3154 -conuersio
1447 3091 1613 3151 eius:
1670 3092 1727 3151 et
1772 3092 1837 3151 tu
1878 3089 2278 3151 dominaberis
2316 3090 2465 3151 eius,
2566 3104 2789 3151 neces·
2827 3093 2905 3148 25

569 3193 756 3258 sitate
825 3193 1238 3276 conpellimur
1306 3193 1374 3256 in
1447 3191 1713 3275 singulis
1774 3190 2009 3257 diutius
2068 3190 2398 3268 inmorari,
2482 3187 2793 3273 siquidem

569 3299 634 3362 et
676 3307 849 3361 nune
889 3298 1092 3363 multo
1135 3297 1296 3362 alius
1339 3296 1405 3362 in
1446 3295 1715 3361 hebraeo
1762 3314 1950 3378 quam
1987 3295 2053 3359 in
2094 3296 2265 3361 LXX
2305 3294 2793 3362 translatoribus

571 3418 792 3467 sensus
837 3402 934 3467 est
975 3406 1063 3466 cit
1101 3406 1256 3467 enim
1301 3402 1578 3467 dominus
1616 3402 1695 3464 ad
1746 3401 1895 3465 Cain
1940 3400 2141 3473 Quare
2183 3404 2467 3465 irasceris
2510 3404 2567 3464 et
2608 3420 2797 3484 quare

573 3506 832 3571 concidit
867 3508 1080 3571 uultus
1117 3504 1300 3571 tuus?
1403 3527 1590 3570 nonne
1633 3508 1692 3567 si
1731 3507 1871 3568 bene
1910 3508 2103 3587 eyeris
2116 3554 2134 3581 ,
2179 3505 2513 3569 dimittetur
2545 3506 2691 3581 tibi,
2736 3509 2798 3567 et

568 3613 632 3672 si
667 3630 783 3674 non
822 3612 962 3675 bene
999 3616 1194 3695 egeris
1206 3660 1223 3689 ,
1281 3615 1415 3673 ante
1449 3609 1630 3690 fore-s·
1657 3612 1972 3693 peccatum
2010 3612 2181 3670 tuum
2222 3609 2474 3685 sedebit,
2522 3612 2579 3671 et
2616 3608 2695 3670 ad
2734 3613 2797 3671 te
2830 3612 2925 3667 30·

565 3717 815 3777 societas
857 3718 1017 3777 eius:
1057 3713 1160 3777 sed
1199 3719 1266 3776 tu
1307 3717 1502 3797 magis
1545 3712 1854 3776 dominare
1909 3714 2055 3774 eius.
2149 3710 2313 3793 quod
2360 3712 2573 3775 autem
2615 3709 2793 3789 dicit,

568 3817 691 3883 hoe
731 3817 847 3881 est.
937 3836 1128 3900 quare
1173 3816 1462 3883 irasceris
1515 3817 1579 3881 et
1624 3815 1899 3881 inuidiae
1941 3814 2010 3878 in
2068 3813 2332 3880 fratrem
2387 3813 2584 3881 liuore
2646 3834 2794 3880 cru-

713 3967 747 4021 9
794 3964 972 4028 3334,
1012 3967 1043 4020 1
1088 3966 1097 4033 ι
1143 3965 1212 4020 13
1247 3964 1428 4027 s0n4,
1466 3964 1500 4019 4
1541 3962 1750 4029 5120
1786 3962 1941 4014 Paral
1976 3968 2011 4029 ρ
2047 3959 2307 4028 7,1121
2342 3963 2527 4031 aegy
2562 3926 2790 4032 18,'381

572 4051 643 4109 23
677 4051 1006 4116 Β3114,67

713 4184 748 4237 4
783 4192 830 4233 ot
868 4184 901 4238 6
955 4199 1052 4249 quo
1093 4203 1138 4253 φ
1189 4183 1198 4250 Ι
1252 4185 1316 4238 11
1365 4189 1576 4235 xxtnom
1631 4184 1971 4241 berolinensis,
2023 4179 2220 4231 xrhoxc
2258 4182 2587 4245 fiieinqemis
2630 4184 2797 4244 prior,

572 4284 801 4321 xrrnem
840 4272 1173 4333 eoaphuecmus
1203 4268 1213 4339 Ι
1258 4270 1325 4325 12
1362 4270 1536 4321 canith
1576 4289 1621 4340 φ
1664 4269 1673 4336 Ι
1717 4269 1784 4323 15
1819 4270 2021 4334 poterat
2056 4272 2145 4333 βγ,
2182 4265 2355 4330 potuit
2386 4284 2479 4335 μφ
2521 4266 2532 4333 Ι
2582 4266 2649 4320 15
2681 4267 2796 4319 eius

578 4356 643 4423 -Ι-
679 4375 771 4427 μφ
803 4355 812 4425 Ι
843 4355 909 4410 17
950 4362 1026 4407 est
1061 4374 1174 4428 γφ,
1226 4357 1296 4409 sit
1326 4360 1392 4427 β,
1427 4362 1559 4408 esset
1594 4374 1637 4428 μ
1670 4368 1679 4423 Ι
1711 4355 1779 4410 22
1817 4353 2034 4409 carmelo
2070 4370 2162 4426 μφ
