3169 4941
574 424 675 479 176
1509 422 1732 478 Genesis
1765 422 1854 477 42.

572 581 810 668 αὐτῶν,
886 582 1001 651 καὶ
1056 582 1505 674 ἐταράχθησαν
1550 583 1720 675 πρὸς
1777 578 2083 672 ἀλλήλους
2125 580 2416 669 λέγοντες
2463 578 2546 647 Τί
2585 582 2780 647 τοῦτο
2819 602 2846 647 1

572 687 877 779 ἐποίησεν
910 684 947 757 ὃ
989 688 1152 769 θεὸς
1190 685 1368 779 ἡμῖν,·
1434 692 1491 733 ²⁹
1506 683 1715 779 ἦλθον
1780 687 1854 755 δὲ
1897 686 2068 775 πρὸς
2103 684 2334 773 Ἰακώβ
2371 686 2484 753 τὸν
2529 685 2783 773 πατέρα

573 792 778 861 αὐτῶν
845 790 941 873 εἷς
1014 798 1127 883 γῆν
1184 793 1455 859 Χαναὰν
1527 793 1640 859 καὶ
1711 785 2100 883 ἀπήγγειλαν
2177 788 2352 880 αὐτῷ
2427 787 2647 857 πάντα
2695 790 2781 857 τὰ

573 901 899 984 συμβάντα
943 890 1161 978 αὐτοῖς
1202 896 1493 985 λέγοντες
1540 901 1602 941 ³⁰
1616 892 1992 987 Λελάληκεν
2029 893 2066 963 6
2103 892 2458 986 ἅνθρωπος
2501 892 2538 963 6
2568 890 2783 984 κύριος

570 1009 685 1094 τῆς
738 1008 852 1094 γῆς
895 1002 1063 1092 πρὸς
1104 998 1272 1092 ἡμᾶς
1315 1001 1584 1093 σκληρά,
1661 1002 1771 1068 καὶ
1823 998 2021 1069 ἔθετο
2067 998 2231 1092 ἡμᾶς
2285 998 2354 1067 ἐν
2399 1004 2648 1091 φυλακῇ
2695 996 2781 1079 ὡς
2815 1022 2847 1068 5

569 1107 1175 1187 κατασκοπεύοντας
1241 1105 1355 1196 τὴν
1424 1111 1553 1197 γῆν.
1651 1110 1710 1149 ³¹
1735 1102 2012 1191 εἴπαμεν
2081 1105 2152 1173 δὲ
2218 1103 2392 1194 αὐτῷ
2453 1102 2783 1195 Εἶρηνικοί

570 1210 763 1299 ἔσμεν
778 1265 796 1294 ,
870 1204 981 1279 οὗκ
1049 1209 1243 1296 ἐσμὲν
1318 1206 1742 1279 κατάσκοποι.
1837 1214 1900 1253 ³²
1933 1209 2184 1278 δώδεκα
2243 1206 2516 1299 ἀδελφοί
2567 1209 2777 1295 ἐσμεν,

568 1313 699 1384 υἱοὶ
741 1323 857 1383 τοῦ
894 1315 1147 1403 πατρὸς
1188 1312 1365 1405 ἡμῶν
1384 1339 1397 1353 ·
1444 1311 1479 1381 6
1527 1306 1624 1394 εἷς
1663 1307 1773 1397 οὐχ
1816 1311 2120 1401 ὑπάρχει,
2169 1312 2206 1383 6
2237 1313 2310 1381 δὲ
2348 1314 2575 1402 μικρὸς
2617 1312 2783 1400 μετὰ

568 1428 683 1487 τοῦ
745 1420 998 1508 πατρὸς
1052 1416 1224 1511 ἡμῶν
1276 1414 1552 1508 σήμερον
1607 1416 1676 1487 ἒν
1739 1426 1816 1509 γῇ
1863 1420 2151 1487 Χαναάν.
2247 1413 2469 1487 Ξ’·“ἐῖπε
2516 1418 2587 1486 δὲ
2628 1416 2777 1510 ἡμῖν

568 1522 606 1593 6
635 1521 994 1615 ἅνθρωπος
1038 1521 1075 1592 6
1125 1518 1341 1612 κύριος
1390 1526 1505 1612 τῆς
1540 1528 1656 1612 γῆς
1691 1519 1792 1589 Ἐν
1840 1520 2046 1612 τούτῳ
2089 1519 2416 1612 γνώσομαι
2459 1522 2563 1592 ὅτι
2604 1520 2778 1612 εἶρη-
2817 1537 2884 1583 10

542 1628 741 1698 ·νικοι’
780 1629 958 1698 ἐστε·
1024 1621 1303 1718 ἀδελφὸν
1359 1628 1473 1696 ἕνα
1514 1623 1717 1716 ἄφετε
1755 1620 1880 1695 ὧδε
1903 1630 2060 1713 ’μετ’
2108 1628 2296 1714 ἐμοῦ,
2359 1629 2470 1697 τὸν
2508 1628 2582 1697 δὲ
2625 1625 2778 1715 ἆγο-

568 1734 814 1823 ρασμόν
852 1742 972 1825 τῆς
1011 1730 1388 1813 σιτοδοσίας
1450 1739 1564 1800 τοῦ
1615 1729 1797 1799 οἴκου
1859 1729 2035 1817 ὑμῶν
2090 1732 2395 1818 λαβόντες
2435 1726 2778 1801 ἅπὲλθατε

574 1838 755 1906 34καὶ
796 1834 1060 1925 ἀγάγετε
1108 1836 1275 1927 πρὸς
1308 1836 1390 1922 μὲ
1431 1837 1546 1904 τὸν
1592 1829 1874 1926 άδελφὸν
1917 1835 2095 1923 ὑμῶν
2137 1840 2254 1906 τὸν
2296 1834 2619 1927 νεώτερον,
2666 1836 2778 1905 καὶ

566 1943 896 2031 γνώσομαι
942 1940 1043 2009 ὅτι
1098 1934 1173 2009 οὗ
1213 1938 1622 2009 κατάσκοποί
1677 1940 1851 2025 ἐστε,
1925 1936 2061 2009 ἀλλ’
2105 1940 2210 2010 ὅτι
2253 1940 2551 2032 εἶρηνικοί
2597 1941 2744 2010 ἐστε
2759 1965 2774 1980 ·

566 2047 678 2114 καὶ
718 2047 833 2114 τὸν
868 2042 1146 2136 ἀδελφὸν
1184 2041 1361 2131 ὑμῶν
1419 2040 1752 2113 ἀποδώσω
1811 2042 1960 2132 ὑμῖν
2015 2046 2126 2114 καὶ
2183 2054 2261 2138 τῇ
2318 2054 2397 2138 γῇ
2460 2046 2776 2136 ἑμπορεύ-
2817 2064 2881 2111 15

568 2157 791 2218 σεσθε.
884 2152 944 2193 ⁸⁵
958 2149 1201 2238 ἐγένετο
1245 2149 1319 2217 δὲ
1362 2149 1428 2217 ἐν
1466 2157 1561 2239 τῷ
1610 2154 1998 2217 κατακενοῦν
2042 2148 2268 2232 αὐτοὺς
2320 2152 2468 2232 τοὺς
2506 2150 2777 2232 σάκκους

566 2248 799 2340 αὐτῶν,
858 2253 972 2322 καὶ
1016 2249 1092 2345 ἧν
1132 2250 1408 2321 ἑκάστου
1464 2251 1501 2321 6
1545 2253 1782 2339 δεσμὸς
1820 2258 1935 2322 τοῦ
1971 2250 2271 2344 ἀργυρίου
2312 2254 2378 2323 ἐν
2420 2264 2514 2346 τῷ
2557 2256 2776 2345 σάκκῳ

565 2357 773 2428 αὐτῶν
790 2383 805 2397 ·
845 2359 953 2427 καὶ
992 2352 1165 2427 εἶδον
1198 2358 1350 2439 τοὺς
1393 2358 1674 2443 δεσμοὺς
1711 2362 1824 2425 τοῦ
1868 2351 2165 2447 ἀργυρίου
2207 2358 2417 2428 αὐτῶν
2448 2353 2634 2429 αὐτοὶ
2665 2360 2776 2427 καὶ

540 2463 604 2564 ‘6
646 2466 864 2557 πατὴρ
908 2458 1149 2554 ζαῦτῶν,
1210 2464 1322 2533 καὶ
1364 2464 1805 2556 ἐφοβήθησαν.
1899 2468 1960 2510 ⁸⁶
1975 2459 2134 2535 εἶπε.
2182 2465 2254 2535 δὲ
2298 2458 2516 2548 αὐτοῖς
2553 2464 2777 2554 Ἰακὼβ

566 2569 604 2641 6
651 2572 866 2661 πατὴρ
906 2568 1117 2638 αὐτῶν
1152 2564 1303 2656 Ἐμὲ
1343 2563 1738 2659 ἦτεκνώσατε
1752 2595 1769 2614 ·
1837 2567 2068 2662 Ἰωσὴφ
2127 2568 2243 2639 οὐκ
2287 2571 2454 2657 ἔστι,
2523 2571 2776 2658 Συμεών
2812 2583 2881 2630 20

707 2709 738 2762 1
774 2724 904 2763 uoce
940 2714 1329 2782 εταραχθησαν
1370 2705 1566 2762 iterum
1615 2706 1807 2776 incipit
1840 2707 1887 2761 F
1951 2708 1958 2777 Ι
2028 2710 2059 2763 1
2094 2710 2219 2776 post
2264 2728 2422 2762 τουτο
2457 2709 2522 2776 -Ι-
2565 2706 2600 2762 δ
2639 2709 2721 2761 mt
2761 2705 2770 2778 Ι

566 2798 602 2852 2
632 2815 663 2848 ο
698 2801 828 2856 θεος
860 2810 1118 2882 εποιησεὶι1
1150 2795 1201 2848 D
1228 2793 1344 2863 [Gn]
1376 2797 1386 2862 Ι
1416 2795 1451 2847 2
1482 2812 1621 2866 ημιν
1658 2815 1688 2848 o
1727 2801 1855 2853 θεος
1891 2812 1919 2847 Ζ
1969 2795 1976 2864 Ι
2034 2795 2068 2848 2
2103 2797 2228 2850 ante
2263 2797 2438 2862 ηλθον
2474 2797 2540 2864 -Ι-
2577 2814 2668 2848 και
2705 2813 2774 2861 ην

566 2899 752 2936 επανω
798 2901 895 2935 του
939 2897 1207 2952 στοματος
1253 2900 1348 2934 του
1394 2897 1726 2956 μαρσιππου
1761 2897 1790 2933 Ζ
1856 2882 1866 2947 Ι
1931 2882 1967 2935 3
2011 2899 2088 2940 εις
2139 2881 2267 2952 γην]
2323 2900 2384 2936 εν
2417 2901 2487 2952 γη
2538 2882 2589 2935 D
2637 2879 2772 2934 Gra-

565 2969 669 3024 bii:
708 2969 957 3024 Owenius
1004 3009 1035 3033 „
1050 2968 1152 3022 hae
1186 2984 1345 3023 uoces
1382 2986 1460 3028 εις
1493 2986 1601 3038 γην
1633 2967 2006 3036 perfodiuntur
2039 2969 2244 3024 calamo
2295 2970 2353 3023 in
2386 2986 2470 3023 ms
2509 2968 2744 3038 [Grabii]
2762 3007 2775 3021 .

566 3073 637 3112 an
670 3073 827 3112 uoces
862 3075 923 3111 εν
956 3075 1029 3126 γη
1065 3054 1273 3125 perfodi
1320 3071 1529 3125 quoque
1566 3055 1822 3119 debeant,
1871 3057 2051 3111 nescio
2067 3062 2128 3110 “.
2190 3074 2250 3111 εν
2283 3076 2355 3128 γη
2389 3059 2416 3110 t
2453 3057 2583 3126 [non
2616 3056 2694 3125 m]
2759 3055 2770 3126 Ι

564 3146 600 3199 3
638 3146 976 3214 ανηγγειλαν
1008 3143 1054 3197 F
1084 3144 1093 3212 Ι
1123 3144 1160 3198 4
1194 3149 1575 3214 συμβεβηκοτα
1599 3141 1674 3195 At
1700 3141 1831 3212 [non
1854 3143 1926 3213 m]
1956 3161 1983 3196 z
2015 3146 2024 3210 Ι
2054 3145 2090 3197 4
2125 3146 2383 3210 λελαληκε
2417 3161 2446 3196 Ζ
2477 3145 2486 3212 Ι
2516 3145 2606 3211 4s5
2627 3161 2774 3218 προς

566 3250 711 3302 ημας
747 3251 778 3284 ο
812 3237 1108 3299 ανθρωπος
1139 3250 1171 3282 ο
1210 3247 1395 3301 κυριος
1433 3249 1529 3296 της
1564 3248 1664 3300 γης
1695 3247 1726 3284 Ζ
1790 3230 1798 3299 Ι
1865 3231 1902 3284 4
1935 3250 1966 3284 ο
2003 3236 2296 3305 ανθρωπος
2329 3237 2397 3289 >
2432 3246 2486 3284 m
2553 3232 2562 3298 Ι
2623 3231 2655 3284 5
2695 3248 2774 3288 εις

568 3322 818 3391 φυλακην
846 3333 901 3372 m
944 3321 956 3386 Ι
996 3318 1029 3372 6
1070 3332 1547 3374 κατασκοπουντας
1579 3333 1608 3368 Ζ
1640 3317 1648 3386 Ι
1693 3317 1726 3371 6
1762 3334 1995 3389 ειπομεν
2027 3335 2058 3372 Ζ
2088 3317 2097 3386 Ι
2146 3319 2178 3373 7
2215 3317 2363 3372 &oxa
2401 3318 2637 3388 αδελφοι
2672 3315 2718 3370 F
2759 3315 2768 3387 Ι

565 3406 601 3460 8
633 3423 956 3482 μικροτερος
990 3403 1088 3459 AD
1118 3404 1224 3474 [GR]
1253 3419 1309 3457 cz
1340 3404 1349 3473 Ι
1380 3404 1415 3458 9
1450 3418 1698 3478 σημερον
1730 3414 1799 3464 >
1835 3422 1864 3458 Ζ
1895 3403 1904 3475 Ι
1934 3404 1968 3458 9
2002 3406 2128 3475 post
2161 3420 2408 3478 σημερον
2429 3407 2490 3470 -Ι-
2512 3418 2664 3458 εστιν
2687 3419 2716 3456 ο
2759 3402 2767 3473 Ι

564 3498 599 3552 9
630 3513 691 3549 εν
716 3515 794 3565 χη
830 3493 957 3557 t1‘?,
993 3493 1053 3548 in
1090 3508 1193 3563 quo
1228 3507 1369 3546 nuno
1402 3495 1572 3560 ενέη.
1622 3510 1700 3552 εις
1731 3512 1836 3562 γην
1871 3491 1919 3547 A
1972 3493 1981 3562 Ι
2036 3495 2069 3547 9
2107 3509 2231 3547 ειπε
2264 3507 2433 3562 usque
2469 3489 2539 3546 ad
2573 3509 2668 3558 της
2702 3491 2772 3546 10

563 3595 633 3646 >
664 3584 741 3648 F,
772 3581 1080 3638 membran&
1116 3580 1354 3634 abscissa
1383 3582 1393 3647 Ι
1422 3580 1456 3633 9
1493 3598 1650 3635 ειπεν
1685 3579 1794 3634 At1
1822 3583 1832 3648 Ι
1863 3582 1896 3636 9
1934 3599 2069 3652 ημιν
2092 3591 2160 3641 >
2187 3581 2216 3634 t
2241 3581 2371 3650 [non
2392 3579 2470 3650 m]
2503 3581 2512 3646 Ι
2547 3579 2612 3633 10
2647 3581 2772 3648 post

562 3691 665 3743 γης
702 3675 764 3737 -Ι-
800 3689 939 3744 προς
972 3688 1116 3740 ημας
1150 3670 1177 3722 t
1222 3669 1231 3736 Ι
1282 3670 1348 3724 10
1383 3687 1544 3721 τουτο
1581 3669 1610 3720 t
1662 3667 1670 3736 Ι
1721 3670 1788 3724 10
1824 3673 2163 3740 γνωσομεθα
2199 3666 2248 3721 A
2294 3669 2302 3736 Ι
2352 3667 2420 3721 10
2455 3667 2563 3734 οτι]
2601 3685 2651 3720 ει
2689 3667 2717 3718 t
2755 3666 2764 3737 Ι

564 3760 631 3814 11
667 3759 793 3828 post
828 3756 1073 3828 αδελφον
1108 3755 1175 3823 -Ι-
1212 3774 1369 3826 υμων
1403 3755 1454 3808 D
1482 3754 1592 3825 [GR]
1621 3769 1708 3820 02,
1757 3756 1822 3822 -Ι-
1861 3773 2020 3828 ημων
2055 3771 2088 3808 a
2156 3756 2166 3821 Ι
2229 3754 2294 3808 11
2349 3773 2517 3826 αφετε
2553 3773 2649 3808 ενα
2683 3771 2718 3810 a
2755 3753 2764 3824 Ι

564 3845 633 3898 12
666 3865 765 3899 του
801 3863 956 3897 οικου
994 3852 1062 3902 >
1097 3840 1171 3906 Α,
1210 3842 1337 3895 ante
1370 3860 1464 3909 της
1500 3842 1819 3900 σιτοδοσιας
1852 3842 2007 3911 ponit
2039 3858 2069 3895 Ζ
2122 3843 2130 3906 Ι
2184 3843 2252 3896 12
2292 3843 2566 3896 απελθετε
2597 3858 2713 3896 acm
2755 3841 2763 3913 Ι

563 3932 632 3989 13
670 3946 974 4002 αναγαγετε
1011 3945 1040 3982 o
1070 3929 1077 3998 Ι
1110 3931 1177 3984 13
1216 3946 1354 4004 προς
1387 3945 1463 3999 με
1498 3929 1625 3996 post
1659 3945 1919 4004 νεωτερον
1953 3927 2141 3998 D[e12]
2166 3945 2196 3982 z
2226 3930 2236 3995 Ι
2268 3927 2336 3981 14
2370 3947 2469 3981 ουκ
2504 3945 2626 3982 εστε
2661 3949 2764 3982 κα-

560 4032 833 4072 τασκοποι
869 4033 897 4068 Ζ
946 4015 953 4084 Ι
1009 4015 1078 4070 14
1112 4035 1178 4068 ου
1212 4023 1281 4073 >
1318 4013 1363 4067 F
1382 4018 1403 4049 ¹
1418 4054 1431 4077 ,
1472 4030 1632 4083 super
1663 4029 1877 4069 uersum
1913 4015 2217 4084 suppletum
2267 4016 2276 4082 Ι
2334 4015 2402 4070 15
2439 4017 2564 4069 ante
2597 4035 2662 4090 τῃ
2697 4018 2764 4086 -Ι-

562 4123 622 4158 εν
658 4121 689 4158 Ζ
727 4106 739 4171 Ι
781 4103 938 4172 15s16
974 4107 1354 4176 εμπορευεσθε
1393 4099 1491 4155 AD
1520 4101 1636 4172 [GR]
1666 4104 1879 4167 Facmt,
1919 4107 2223 4175 πορευεσθε
2255 4118 2286 4155 Ζ
2331 4103 2341 4170 Ι
2395 4101 2462 4156 16
2500 4122 2763 4157 κατακαι-

561 4209 695 4244 νουν
727 4188 776 4243 A
837 4190 846 4259 Ι
912 4190 979 4245 16
1014 4207 1208 4248 αυτους
1244 4197 1312 4249 >
1353 4189 1404 4242 D
1432 4190 1629 4256 [GR]m
1698 4188 1708 4260 Ι
1779 4191 1846 4244 17
1885 4190 2010 4258 post
2061 4207 2332 4262 αργυριου
2375 4189 2440 4256 -Ι-
2479 4210 2645 4244 αυτου
2681 4207 2714 4244 a
2754 4191 2762 4262 Ι

562 4277 631 4330 18
672 4294 849 4329 αυτων
881 4276 1051 4345 prius]
1092 4294 1268 4328 αυτου
1307 4291 1337 4328 Ζ
1367 4277 1375 4340 Ι
1407 4275 1477 4329 18
1514 4275 1643 4329 ιδον
1676 4275 1751 4341 A,
1789 4275 1998 4335 ιδοντες
2025 4277 2080 4330 t.
2134 4290 2196 4329 ex
2230 4275 2280 4330 D
2317 4280 2560 4346 superest
2594 4295 2642 4330 ει
2677 4297 2713 4332 ν
2751 4281 2759 4350 Ι

562 4363 629 4414 19
664 4381 757 4415 και
791 4376 901 4415 non
936 4363 1140 4416 omittit
1172 4363 1199 4415 t
1228 4361 1237 4428 Ι
1273 4362 1337 4416 19
1374 4378 1529 4414 ειπεν
1562 4359 1719 4415 AFt1
1749 4362 1758 4430 Ι
1788 4361 1858 4417 20
1892 4379 2218 4429 ητεκνοσατε
2255 4381 2282 4416 Ζ
2313 4365 2322 4432 Ι
2371 4363 2441 4419 20
2477 4364 2554 4418 fin
2591 4365 2762 4440 στι[ν]

562 4461 679 4519 συμ
709 4445 953 4501 incendio
990 4447 1170 4502 deleta
1198 4445 1259 4500 in
1292 4449 1319 4500 t
1348 4449 1359 4515 Ι
1388 4445 1458 4501 20
1495 4462 1650 4502 εστιν
1683 4447 1778 4502 AF
