3169 4941
532 408 570 470 Ξ
1485 396 1714 458 Genesis
1750 397 1801 453 1.

534 576 650 644 καὶ
691 573 944 662 ἐγένετο
987 567 1238 657 ἑσπέρα
1281 565 1396 634 καὶ
1451 562 1705 652 ἐγένετο
1762 558 1940 648 πρωὶ
1992 549 2197 646 ἡμέρα
2256 549 2540 642 δευτέρα.
2604 551 2631 590 ⁹
2646 545 2759 614 καὶ
2796 568 2823 612 1

535 675 723 748 εἶπεν
791 675 828 746 6
872 674 1037 755 θεὸς
1093 666 1483 760 Συναχθήτω
1524 667 1603 734 τὸ
1648 665 1815 753 ὕδωρ
1868 662 1945 730 τὸ
1982 657 2287 728 ὑποκάτω
2328 659 2445 723 τοῦ
2490 653 2759 779 οὐρανοῦ

536 778 634 865 εἷς
677 779 1038 870 συναγωγὴν
1077 775 1264 904 μίαν,
1313 772 1430 841 καὶ
1473 765 1755 898 ὄφθήτω
1795 765 1833 858 ἡ
1878 764 2048 856 ξηρά.
2090 761 2205 830 καὶ
2244 760 2496 847 ἐγένετο
2541 754 2762 832 οὕτως.

539 887 652 956 καὶ
695 881 982 976 συνήχθη
1023 881 1102 950 τὸ
1137 878 1308 968 ὕδωρ
1347 878 1423 948 τὸ
1467 869 1786 943 ὑποκάτω
1825 876 1940 938 τοῦ
1981 863 2247 958 οὐρανοῦ
2292 863 2387 943 εἰς
2417 861 2537 941 τὰς
2566 883 2761 927 συνα-

537 990 746 1082 γωγὰς
783 982 1024 1071 αὐτῶν,
1070 984 1182 1053 καὶ
1219 980 1425 1105 ω’φθη
1467 977 1508 1070 ἢ
1547 977 1720 1070 ξηρά.
1792 974 1978 1044 ¹⁰xa6
2023 967 2325 1041 ἐκάλεσεν
2367 964 2403 1035 6
2447 965 2611 1044 θεὸς
2650 960 2765 1052 τὴν
2798 987 2829 1034 5

539 1095 756 1222 ξηρὰν
775 1100 892 1184 γῆν
934 1090 1045 1159 καὶ
1084 1089 1170 1157 τὰ
1215 1081 1594 1175 συστήματα
1634 1107 1764 1148 των
1809 1073 2062 1147 ὑδάτων
2107 1074 2371 1144 ἐκάλεσε
2399 1065 2821 1144 θαλάσσας.

539 1199 650 1268 καὶ
695 1191 861 1264 ades·
904 1191 940 1262 6
983 1193 1149 1273 θεὸς
1189 1190 1296 1259 ότι
1336 1184 1550 1257 καλόν.
1602 1183 1787 1253 11καὶ
1830 1177 2015 1250 εἶπεν
2058 1178 2095 1249 6
2138 1177 2299 1257 θεὸς
2327 1169 2769 1262 Βλαστησάτω

542 1302 583 1394 ἡ
623 1309 702 1392 γῆ
747 1299 1021 1388 βοτάνην
1060 1292 1326 1385 χόρτου,
1386 1297 1661 1381 σπεῖρον
1708 1287 1973 1376 σπέρμα
2018 1283 2187 1352 κατὰ
2228 1281 2416 1369 γένος
2452 1275 2565 1344 καὶ
2611 1272 2769 1341 καθ’

543 1403 897 1494 ὁμοιότητα
911 1456 927 1487 ,
976 1401 1088 1468 καὶ
1134 1396 1316 1482 ξύλον
1358 1394 1689 1486 κάρπιμον
1734 1417 1970 1460 ποιουν
2014 1386 2269 1478 καρπόν
2283 1437 2300 1469 ‚
2348 1375 2421 1452 οὗ
2450 1383 2528 1450 τὸ
2574 1377 2770 1466 σπέρ-

542 1537 654 1596 μα
679 1503 874 1576 αὐτοῦ
915 1505 983 1573 ἐν
1027 1497 1204 1592 αὐτῷ
1250 1501 1416 1569 κατὰ
1445 1500 1629 1587 γένος
1663 1497 1783 1566 6766
1810 1501 1927 1586 τῆς
1955 1501 2087 1584 γῆς.
2126 1491 2239 1558 καὶ
2271 1488 2523 1576 ἐγένετο
2553 1480 2769 1559 οὑτως.
2808 1499 2874 1543 10

553 1619 614 1658 12
622 1639 738 1681 και
778 1610 1103 1701 ἐξήνεγκεν
1125 1605 1186 1734 ,ᾗ
1231 1613 1307 1697 γῆ
1355 1600 1629 1692 βοτάνην
1667 1601 1923 1690 χόρτου,
1981 1602 2255 1685 σπεῖρον
2300 1591 2565 1681 σπέρμα
2604 1583 2777 1654 κατὰ

544 1716 729 1807 γένος
771 1714 884 1784 καὶ
929 1705 1084 1781 καθ’
1120 1708 1506 1838 ὁμοιότητα,
1569 1705 1683 1774 καὶ
1729 1702 1914 1787 ξύλον
1955 1697 2289 1790 κάρπιμον
2331 1701 2568 1764 ποιοῦν
2614 1716 2771 1779 καρ-

546 1818 714 1902 πόν,
759 1845 833 1887 ov
877 1817 955 1884 τὸ
1001 1813 1264 1903 σπέρμα
1307 1810 1506 1879 αὐτοῦ
1553 1809 1619 1876 ἒν
1664 1806 1835 1897 αὐτῷ
1880 1806 2049 1873 κατὰ
2094 1804 2274 1891 γένος
2326 1799 2446 1872 ἐπὶ
2489 1807 2603 1889 τῆς
2644 1799 2775 1886 γῆς

557 1921 744 1990 1ξ’καὶ
782 1915 950 1989 εἶδεν
998 1917 1035 1988 6
1077 1917 1243 1997 θεὸς
1293 1914 1398 1984 ὅτι
1441 1910 1656 1981 καλόν.
1706 1911 1821 1979 καὶ
1888 1909 2139 1997 ἐγένετο
2202 1903 2447 1996 ἑσπέρα
2487 1902 2601 1972 καὶ
2646 1900 2776 1987 676-

548 2051 690 2096 νετο
747 2023 925 2113 πρωὶ
997 2019 1206 2112 ἡμέρα
1253 2017 1458 2109 τρίτη.
1531 2022 1593 2060 14
1607 2016 1720 2083 καὶ
1773 2008 1958 2082 εἶπεν
2013 2010 2049 2081 6
2090 2010 2255 2090 θεὸς
2307 2017 2369 2075 Γ
2363 2002 2778 2097 ενηθητωσαν
2816 2019 2880 2064 15

549 2133 890 2222 φωστῆρες
933 2126 1000 2194 ἓν
1040 2129 1136 2214 τῷ
1180 2118 1577 2213 στερεώματι
1622 2124 1737 2188 τοῦ
1778 2117 2047 2208 οὐρανοῦ
2086 2114 2181 2196 εἰς
2223 2121 2468 2204 φαῢσιν
2514 2109 2631 2180 ἐπὶ
2668 2117 2783 2200 τῆς

549 2238 690 2326 γῆς,
750 2236 865 2300 τοῦ
906 2225 1302 2317 διαχωρίζειν
1360 2219 1479 2293 άνὰ
1519 2224 1721 2310 μέσον
1778 2227 1895 2313 τῆς
1950 2219 2192 2312 ἡμέρας
2248 2218 2356 2286 καὶ
2416 2213 2539 2284 ἇνὰ
2581 2214 2783 2300 μέσον

551 2345 665 2430 τῆς
709 2330 966 2415 νυκτός
1011 2331 1126 2401 καὶ
1170 2329 1460 2399 ἔστωσαν
1503 2326 1599 2409 εἷς
1642 2332 1876 2418 σημεῖα
1914 2325 2026 2392 καὶ
2084 2322 2179 2404 εἰς
2226 2322 2485 2411 καιροὺς
2538 2319 2651 2386 καὶ
2689 2316 2786 2396 εἰς

551 2438 789 2534 ἡμέρας
845 2437 961 2507 καὶ
1014 2435 1110 2518 εἷς
1164 2433 1516 2515 ἐνιαυτούς·
1576 2431 1765 2499 15καί
1818 2429 2111 2499 ἔστωσαν
2168 2425 2262 2508 εἰς
2310 2431 2565 2553 φαῦσιν
2584 2421 2649 2491 ἐν
2692 2423 2785 2512 τῷ

556 2541 953 2635 στερεώματι
980 2549 1092 2609 τοῦ
1125 2532 1413 2628 ουρανοῦ,
1448 2536 1614 2604 ὥστε
1646 2533 1901 2625 φαίνειν
1928 2533 2047 2600 ἐπὶ
2076 2537 2188 2623 τῆς
2216 2535 2346 2621 γῆς.
2392 2528 2503 2597 καὶ
2533 2528 2784 2616 ἐγένετο
2816 2541 2889 2587 20

559 2647 777 2727 οὕτως.
829 2645 1016 2713 mna),
1061 2641 1371 2734 ἐποίησεν
1410 2638 1447 2708 6
1490 2640 1655 2719 θεὸς
1696 2664 1849 2717 τους
1890 2634 2005 2705 δύο
2038 2643 2383 2763 φωστΐίρας
2410 2633 2560 2714 τοὺς
2587 2628 2785 2720 μεγά-

559 2755 736 2835 λους,
785 2750 901 2818 τὸν
945 2754 1254 2837 φωστῆρα
1296 2745 1410 2812 τὸν
1451 2743 1653 2830 μέγαν
1697 2740 1795 2821 εἰς
1838 2738 2036 2829 ἀρχὰς
2078 2742 2191 2829 τῆς
2232 2735 2475 2827 ἡμέρας
2520 2738 2633 2805 καὶ
2670 2737 2784 2805 τὸν

562 2860 874 2947 φωστῆρα
929 2852 1042 2921 τὰν
1087 2846 1342 2919 ἐλάσσω
1386 2845 1481 2927 εἷς
1520 2840 1717 2937 ἀρχὰς
1770 2852 1887 2934 τῆς
1934 2838 2189 2927 νυκτός,
2250 2842 2362 2909 καὶ
2398 2842 2549 2922 τοὺς
2591 2834 2787 2908 6066-

563 2985 696 3050 ρας.
749 2956 934 3025 1Ἴκαὶ
975 2953 1172 3023 ἔθετο
1218 2951 1441 3032 αὐτους
1486 2948 1522 3019 6
1566 2949 1731 3029 θεὸς
1774 2948 1843 3015 ἒν
1884 2954 1978 3037 τῷ
2018 2942 2413 3036 στερεώματι
2448 2950 2565 3013 τοῦ
2595 2946 2786 3034 οὖρα-

562 3069 707 3145 νοῢ,
751 3061 918 3129 ὥστε
960 3056 1217 3150 φαίνειν
1256 3056 1377 3125 6766
1412 3059 1530 3145 τῆς
1571 3062 1686 3145 γῆς
1752 3053 1935 3121 18καί
1981 3048 2196 3145 α’ρχειν
2237 3055 2350 3143 τῆς
2389 3048 2634 3141 ἡμέρας
2676 3050 2789 3117 καὶ
2823 3055 2892 3101 25

705 3296 741 3352 2
805 3302 1136 3366 συναχθητω
1194 3294 1341 3349 LXX
1356 3334 1370 3359 ‚
1437 3294 1637 3363 Aquila
1696 3295 1752 3346 013
1804 3292 2153 3361 Symmachus
2215 3293 2357 3345 fieste
2408 3289 2443 3344 b
2489 3305 2733 3359 συστητω
2778 3290 2789 3359 Ι

567 3386 606 3441 5
649 3402 830 3439 αυτων
877 3383 1170 3438 AEabmrz.
1221 3383 1303 3436 ita
1355 3382 1518 3435 otiam
1557 3382 1611 3444 ᾖ,
1651 3383 1716 3434 ut
1748 3378 1981 3433 uidessur.
2036 3398 2212 3432 αυτου
2248 3394 2277 3433 0
2331 3381 2340 3445 Ι
2394 3378 2428 3432 6
2464 3392 2789 3449 συστηματα

566 3471 853 3527 Eabemrz.
879 3470 946 3524 de
969 3472 996 3523 t
1017 3469 1156 3524 nihil
1191 3468 1366 3524 ausim
1391 3468 1676 3522 adfirmare
1696 3508 1709 3520 .
1736 3482 2055 3536 συστεματα
2086 3464 2136 3517 A
2182 3466 2193 3533 Ι
2234 3466 2269 3519 6
2308 3467 2529 3517 εκαλεσε
2566 3463 2791 3525 abointz,

572 3561 834 3613 εκαλεσεν
862 3556 986 3611 ΑΕι·
1015 3558 1024 3624 Ι
1056 3557 1087 3609 7
1126 3558 1248 3611 ιδεν
1281 3555 1374 3609 ΑΕ
1405 3556 1414 3623 Ι
1445 3555 1480 3609 8
1514 3572 1613 3623 pro
1652 3570 1884 3625 σπειρον
1908 3553 1953 3607 Ε
1988 3552 2069 3605 m‘l
2106 3552 2213 3605 nisi
2254 3566 2401 3605 σπει.
2440 3566 2685 3623 σπειρων
2717 3566 2748 3604 z
2783 3549 2791 3617 Ι

569 3645 606 3700 8
641 3644 712 3697 ad
755 3658 990 3716 σπειρον
1038 3658 1271 3715 σπερμά
1325 3642 1384 3695 in
1429 3639 1464 3694 b
1499 3639 1699 3695 habere
1743 3639 1943 3708 Aquila
1997 3637 2227 3692 refertus
2278 3638 2661 3708 σπερματιζον
2712 3654 2793 3696 εις

571 3748 636 3783 το
653 3746 812 3799 γενος
826 3747 1011 3781 αυτων
1041 3728 1050 3799 Ι
1083 3728 1151 3784 10
1172 3730 1300 3798 Ροειίῑ
1325 3746 1472 3797 αυτῳ
1494 3729 1560 3795 -Ι-
1580 3746 1659 3787 εις
1676 3745 1976 3796 ομοιοτητα
2011 3723 2057 3777 Ε
2089 3724 2099 3793 Ι
2133 3724 2198 3778 10
2222 3742 2359 3775 κατα
2384 3741 2553 3792 γενος
2574 3722 2793 3786 Eabcrz,

482 3872 485 3876 ,
570 3820 687 3869 καθ
731 3834 1028 3881 ομοιοτητα
1063 3817 1169 3879 miz,
1208 3835 1348 3868 κατα
1385 3832 1547 3883 γενος
1579 3831 1659 3872 εις
1693 3810 2063 3884 ομοιοτηταΑ
2095 3811 2104 3878 Ι
2138 3810 2297 3875 1οβ13
2316 3829 2409 3862 και
2448 3810 2513 3862 10
2530 3825 2699 3879 usque
2724 3809 2796 3863 ad

569 3921 671 3972 γης
707 3901 774 3955 13
807 3911 876 3961 >
916 3918 944 3953 z
999 3902 1008 3968 Ι
1064 3902 1131 3955 14
1170 3902 1293 3955 ιδεν
1329 3899 1451 3955 ΑΕΖ
1493 3899 1583 3970 [de
1620 3899 1669 3953 A
1706 3914 1735 3952 θ
1768 3898 1947 3967 spatio
1988 3896 2224 3965 constat]
2284 3896 2292 3963 Ι
2350 3895 2415 3951 16
2461 3914 2539 3953 εις
2584 3912 2796 3966 ‹pavum›

569 3987 906 4050 ADabmrtz‚
968 4002 1106 4041 ωστε
1141 4004 1367 4059 φαινειν
1404 3986 1482 4041 Eo
1511 3988 1520 4055 Ι
1555 3987 1620 4040 16
1658 4004 1753 4038 em
1784 3995 1853 4045 >
1880 3982 2092 4038 ADmt.
2139 3984 2198 4035 in
2231 3981 2266 4036 b
2301 3980 2463 4034 huius
2499 3981 2797 4050 scripturae

576 4073 830 4143 [,‚LU“]
867 4073 1071 4128 mentio
1109 4074 1176 4127 fit
1228 4076 1238 4139 Ι
1301 4075 1365 4128 17
1401 4075 1530 4142 post
1563 4090 1665 4142 γης
1707 4073 1773 4139 -Ι-
1815 4090 1909 4124 και
1950 4087 2145 4143 αρχειν
2188 4087 2281 4135 της
2316 4085 2520 4140 ημερας
2568 4086 2661 4119 και
2704 4087 2799 4135 της

571 4178 763 4218 νυκτοε
783 4160 860 4225 A,
898 4162 964 4228 -Ι-
1001 4181 1096 4214 και
1131 4175 1447 4236 αρχετωσαν
1479 4178 1576 4226 της
1608 4176 1818 4233 ημερας
1855 4176 1949 4210 και
1985 4174 2080 4221 της
2115 4173 2309 4213 ’νυκτος
2342 4155 2392 4207 D
2430 4152 2658 4223 [Gra-be:
2706 4170 2797 4207 su-

571 4248 754 4314 perest
789 4265 884 4314 της
913 4264 1122 4321 ημερας
1157 4246 1276 4315 και]
1309 4246 1318 4315 Ι
1351 4244 1418 4299 17
1436 4264 1537 4298 του
1557 4242 1728 4308 abcrz,
1769 4262 1864 4296 και
1888 4241 2064 4295 AEmt
2106 4242 2114 4310 Ι
2165 4241 2319 4309 18119
2356 4256 2489 4310 quae
2524 4241 2669 4295 inter
2703 4260 2799 4293 και

572 4332 806 4400 primum
845 4332 912 4386 18
946 4334 1003 4387 et
1037 4350 1319 4390 ενιαυτους
1355 4332 1420 4385 19
1455 4330 1655 4395 media,
1696 4341 1764 4391 >
1789 4347 1818 4385 z
1872 4331 1881 4395 1
1915 4330 1982 4384 19
2020 4346 2100 4389 εις
2140 4328 2292 4397 prius
2336 4339 2403 4389 >
2428 4330 2478 4382 D
2506 4326 2730 4399 [Grabe]
2789 4328 2797 4396 Ι

574 4417 644 4473 23
670 4420 920 4473 ελασσων
953 4421 982 4473 t
1015 4420 1025 4488 Ι
1073 4418 1144 4473 24
1179 4437 1210 4470 ο
1237 4424 1376 4477 θεος
1408 4426 1477 4476 >
1511 4432 1541 4468 z
